    @article{chen2016knowledge,
      title={Knowledge as a teacher: Knowledge-guided structural attention networks},
      author={Chen, Yun-Nung and Hakkani-Tur, Dilek and Tur, Gokhan and Celikyilmaz, Asli and Gao, Jianfeng and Deng, Li},
      journal={arXiv preprint arXiv:1609.03286},
      year={2016}
    }
    
    @inproceedings{kim-2014-convolutional,
     address = {Doha, Qatar},
     author = {Kim, Yoon},
     booktitle = {Proceedings of the 2014 Conference on Empirical Methods in Natural Language Processing ({EMNLP})},
     doi = {10.3115/v1/D14-1181},
     pages = {1746--1751},
     publisher = {Association for Computational Linguistics},
     title = {Convolutional Neural Networks for Sentence Classification},
     url = {https://aclanthology.org/D14-1181},
     year = {2014}
    }
    
    @book{everitt2019analysis,
      title={The analysis of contingency tables},
      author={Everitt, Brian S},
      year={2019},
      publisher={Chapman and Hall/CRC}
    }
    
    @inproceedings{tigunova2020reddust,
     address = {Marseille, France},
     author = {Tigunova, Anna  and
    Mirza, Paramita  and
    Yates, Andrew  and
    Weikum, Gerhard},
     booktitle = {Proceedings of the 12th Language Resources and Evaluation Conference},
     isbn = {979-10-95546-34-4},
     language = {English},
     pages = {6118--6126},
     publisher = {European Language Resources Association},
     title = {{R}ed{D}ust: a Large Reusable Dataset of {R}eddit User Traits},
     url = {https://aclanthology.org/2020.lrec-1.751},
     year = {2020}
    }
    
    @article{collobert2011natural,
     author = {Collobert, Ronan and Weston, Jason and Bottou, L{\'e}on and Karlen, Michael and Kavukcuoglu, Koray and Kuksa, Pavel},
     journal = {Journal of machine learning research},
     number = {ARTICLE},
     pages = {2493--2537},
     title = {Natural language processing (almost) from scratch},
     volume = {12},
     year = {2011}
    }
    
    @article{datta2015automated,
     author = {Datta, Amit and Tschantz, Michael Carl and Datta, Anupam},
     journal = {Proceedings on Privacy Enhancing Technologies},
     number = {1},
     pages = {92--112},
     title = {Automated Experiments on Ad Privacy Settings},
     volume = {2015},
     year = {2015}
    }
    
    @article{zheng2019personalized,
     author = {Zheng, Yinhe and Chen, Guanyi and Huang, Minlie and Liu, Song and Zhu, Xuan},
     journal = {ArXiv preprint},
     title = {Personalized Dialogue Generation with Diversified Traits},
     url = {https://arxiv.org/abs/1901.09672},
     volume = {abs/1901.09672},
     year = {2019}
    }
    
    @article{ali2019discrimination,
     author = {Ali, Muhammad and Sapiezynski, Piotr and Bogen, Miranda and Korolova, Aleksandra and Mislove, Alan and Rieke, Aaron},
     journal = {Proceedings of the ACM on Human-Computer Interaction},
     number = {CSCW},
     pages = {1--30},
     publisher = {ACM New York, NY, USA},
     title = {Discrimination through optimization: How Facebook's Ad delivery can lead to biased outcomes},
     volume = {3},
     year = {2019}
    }
    
    @inproceedings{liesenfeld2020predicting,
     address = {Hanoi, Vietnam},
     author = {Liesenfeld, Andreas  and
    Parti, G{\'a}bor  and
    Hsu, Yuyin  and
    Huang, Chu-Ren},
     booktitle = {Proceedings of the 34th Pacific Asia Conference on Language, Information and Computation},
     pages = {157--166},
     publisher = {Association for Computational Linguistics},
     title = {Predicting gender and age categories in {E}nglish conversations using lexical, non-lexical, and turn-taking features},
     url = {https://aclanthology.org/2020.paclic-1.19},
     year = {2020}
    }
    
    @inproceedings{preoctiuc2017beyond,
     address = {Vancouver, Canada},
     author = {Preo{\c{t}}iuc-Pietro, Daniel  and
    Liu, Ye  and
    Hopkins, Daniel  and
    Ungar, Lyle},
     booktitle = {Proceedings of the 55th Annual Meeting of the Association for Computational Linguistics (Volume 1: Long Papers)},
     doi = {10.18653/v1/P17-1068},
     pages = {729--740},
     publisher = {Association for Computational Linguistics},
     title = {Beyond Binary Labels: Political Ideology Prediction of {T}witter Users},
     url = {https://aclanthology.org/P17-1068},
     year = {2017}
    }
    
    @inproceedings{wu2020getting,
     address = {Marseille, France},
     author = {Wu, Chien-Sheng  and
    Madotto, Andrea  and
    Lin, Zhaojiang  and
    Xu, Peng  and
    Fung, Pascale},
     booktitle = {Proceedings of the 12th Language Resources and Evaluation Conference},
     isbn = {979-10-95546-34-4},
     language = {English},
     pages = {581--589},
     publisher = {European Language Resources Association},
     title = {Getting To Know You: User Attribute Extraction from Dialogues},
     url = {https://aclanthology.org/2020.lrec-1.73},
     year = {2020}
    }
    
    @article{vannur2020data,
     author = {Vannur, Lingraj S and Ganesan, Balaji and Nagalapatti, Lokesh and Patel, Hima and Thippeswamy, MN},
     journal = {ArXiv preprint},
     title = {Data Augmentation for Personal Knowledge Base Population},
     url = {https://arxiv.org/abs/2002.10943},
     volume = {abs/2002.10943},
     year = {2020}
    }
    
    @inproceedings{yen2019personal,
     author = {An{-}Zi Yen and
    Hen{-}Hsen Huang and
    Hsin{-}Hsi Chen},
     bibsource = {dblp computer science bibliography, https://dblp.org},
     biburl = {https://dblp.org/rec/conf/sigir/YenHC19.bib},
     booktitle = {Proceedings of the 42nd International {ACM} {SIGIR} Conference on
    Research and Development in Information Retrieval, {SIGIR} 2019, Paris,
    France, July 21-25, 2019},
     doi = {10.1145/3331184.3331209},
     editor = {Benjamin Piwowarski and
    Max Chevalier and
    {\'{E}}ric Gaussier and
    Yoelle Maarek and
    Jian{-}Yun Nie and
    Falk Scholer},
     pages = {185--194},
     publisher = {{ACM}},
     timestamp = {Sun, 21 Jul 2019 01:00:00 +0200},
     title = {Personal Knowledge Base Construction from Text-based Lifelogs},
     url = {https://doi.org/10.1145/3331184.3331209},
     year = {2019}
    }
    
    @inproceedings{kao2021convlogminer,
     author = {Kao, Pei-Wei and Yen, An-Zi and Huang, Hen-Hsen and Chen, Hsin-Hsi},
     booktitle = {Proceedings of the 30th International Joint Conference on Artificial Intelligence},
     title = {ConvLogMiner: A Real-Time Conversational Lifelog Miner},
     year = {2021}
    }
    
    @inproceedings{balog2019personal,
     author = {Balog, Krisztian and Kenter, Tom},
     booktitle = {Proceedings of the 2019 ACM SIGIR International Conference on Theory of Information Retrieval},
     pages = {217--220},
     title = {Personal knowledge graphs: A research agenda},
     year = {2019}
    }
    
    @inproceedings{li2016persona,
     address = {Berlin, Germany},
     author = {Li, Jiwei  and
    Galley, Michel  and
    Brockett, Chris  and
    Spithourakis, Georgios  and
    Gao, Jianfeng  and
    Dolan, Bill},
     booktitle = {Proceedings of the 54th Annual Meeting of the Association for Computational Linguistics (Volume 1: Long Papers)},
     doi = {10.18653/v1/P16-1094},
     pages = {994--1003},
     publisher = {Association for Computational Linguistics},
     title = {A Persona-Based Neural Conversation Model},
     url = {https://aclanthology.org/P16-1094},
     year = {2016}
    }
    
    @article{welch2019look,
     author = {Welch, Charles and P{\'e}rez-Rosas, Ver{\'o}nica and Kummerfeld, Jonathan K and Mihalcea, Rada},
     journal = {ArXiv preprint},
     title = {Look who's talking: Inferring speaker attributes from personal longitudinal dialog},
     url = {https://arxiv.org/abs/1904.11610},
     volume = {abs/1904.11610},
     year = {2019}
    }
    
    @inproceedings{gerritse2020bias,
     author = {Gerritse, Emma J and Hasibi, Faegheh and de Vries, Arjen P},
     booktitle = {Proceedings of the 2020 ACM SIGIR on International Conference on Theory of Information Retrieval},
     pages = {133--136},
     title = {Bias in conversational search: The double-edged sword of the personalized knowledge graph},
     year = {2020}
    }
    
    @inproceedings{AIIDElin11,
     author = {Grace I. Lin and
    Marilyn A. Walker},
     booktitle = {Proceedings of {AIIDE}'11},
     title = {All the World's a Stage: Learning Character Models from Film},
     year = {2011}
    }
    
    @inproceedings{dial7,
     author = {Xiang Li and G{\"o}khan T{\"u}r and Dilek Z. Hakkani-T{\"u}r and Qi Li},
     booktitle = {Proceedings of IEEE Spoken Language Technology Workshop (SLT)},
     title = {Personal knowledge graph population from user utterances in conversational understanding},
     year = {2014}
    }
    
    @inproceedings{lin2011all,
     author = {Lin, Grace and Walker, Marilyn},
     booktitle = {Proceedings of the AAAI Conference on Artificial Intelligence and Interactive Digital Entertainment},
     number = {1},
     title = {All the world's a stage: Learning character models from film},
     volume = {6},
     year = {2011}
    }
    
    @inproceedings{danescu2011chameleons,
     address = {Portland, Oregon, USA},
     author = {Danescu-Niculescu-Mizil, Cristian  and
    Lee, Lillian},
     booktitle = {Proceedings of the 2nd Workshop on Cognitive Modeling and Computational Linguistics},
     pages = {76--87},
     publisher = {Association for Computational Linguistics},
     title = {Chameleons in Imagined Conversations: A New Approach to Understanding Coordination of Linguistic Style in Dialogs},
     url = {https://aclanthology.org/W11-0609},
     year = {2011}
    }
    
    @inproceedings{gorinski2018s,
     address = {New Orleans, Louisiana},
     author = {Gorinski, Philip John  and
    Lapata, Mirella},
     booktitle = {Proceedings of the 2018 Conference of the North {A}merican Chapter of the Association for Computational Linguistics: Human Language Technologies, Volume 1 (Long Papers)},
     doi = {10.18653/v1/N18-1160},
     pages = {1770--1781},
     publisher = {Association for Computational Linguistics},
     title = {What{'}s This Movie About? A Joint Neural Network Architecture for Movie Content Analysis},
     url = {https://aclanthology.org/N18-1160},
     year = {2018}
    }
    
    @article{jia2020ddrel,
     author = {Jia, Qi and Huang, Hongru and Zhu, Kenny Q},
     journal = {ArXiv preprint},
     title = {{DDRel}: A New Dataset for Interpersonal Relation Classification in Dyadic Dialogues},
     url = {https://arxiv.org/abs/2012.02553},
     volume = {abs/2012.02553},
     year = {2020}
    }
    
    @article{massey2015annotating,
     author = {Massey, Philip and Xia, Patrick and Bamman, David and Smith, Noah A},
     journal = {ArXiv preprint},
     title = {Annotating character relationships in literary texts},
     url = {https://arxiv.org/abs/1512.00728},
     volume = {abs/1512.00728},
     year = {2015}
    }
    
    @inproceedings{lee2010social,
     author = {Kyumin Lee and
    James Caverlee and
    Steve Webb},
     bibsource = {dblp computer science bibliography, https://dblp.org},
     biburl = {https://dblp.org/rec/conf/www/LeeCW10.bib},
     booktitle = {Proceedings of the 19th International Conference on World Wide Web,
    {WWW} 2010, Raleigh, North Carolina, USA, April 26-30, 2010},
     doi = {10.1145/1772690.1772843},
     editor = {Michael Rappa and
    Paul Jones and
    Juliana Freire and
    Soumen Chakrabarti},
     pages = {1139--1140},
     publisher = {{ACM}},
     timestamp = {Tue, 06 Nov 2018 00:00:00 +0100},
     title = {The social honeypot project: protecting online communities from spammers},
     url = {https://doi.org/10.1145/1772690.1772843},
     year = {2010}
    }
    
    @inproceedings{yu-etal-2020-dialogue,
     address = {Online},
     author = {Yu, Dian  and
    Sun, Kai  and
    Cardie, Claire  and
    Yu, Dong},
     booktitle = {Proceedings of the 58th Annual Meeting of the Association for Computational Linguistics},
     doi = {10.18653/v1/2020.acl-main.444},
     pages = {4927--4940},
     publisher = {Association for Computational Linguistics},
     title = {Dialogue-Based Relation Extraction},
     url = {https://aclanthology.org/2020.acl-main.444},
     year = {2020}
    }
    
    @inproceedings{chen2020mpdd,
     address = {Marseille, France},
     author = {Chen, Yi-Ting  and
    Huang, Hen-Hsen  and
    Chen, Hsin-Hsi},
     booktitle = {Proceedings of the 12th Language Resources and Evaluation Conference},
     isbn = {979-10-95546-34-4},
     language = {English},
     pages = {610--614},
     publisher = {European Language Resources Association},
     title = {{MPDD}: A Multi-Party Dialogue Dataset for Analysis of Emotions and Interpersonal Relationships},
     url = {https://aclanthology.org/2020.lrec-1.76},
     year = {2020}
    }
    
    @inproceedings{gjurkovic2018reddit,
     address = {New Orleans, Louisiana, USA},
     author = {Gjurkovi{\'c}, Matej  and
    {\v{S}}najder, Jan},
     booktitle = {Proceedings of the Second Workshop on Computational Modeling of People{'}s Opinions, Personality, and Emotions in Social Media},
     doi = {10.18653/v1/W18-1112},
     pages = {87--97},
     publisher = {Association for Computational Linguistics},
     title = {{R}eddit: A Gold Mine for Personality Prediction},
     url = {https://aclanthology.org/W18-1112},
     year = {2018}
    }
    
    @inproceedings{cohan2018smhd,
     address = {Santa Fe, New Mexico, USA},
     author = {Cohan, Arman  and
    Desmet, Bart  and
    Yates, Andrew  and
    Soldaini, Luca  and
    MacAvaney, Sean  and
    Goharian, Nazli},
     booktitle = {Proceedings of the 27th International Conference on Computational Linguistics},
     pages = {1485--1497},
     publisher = {Association for Computational Linguistics},
     title = {{SMHD}: a Large-Scale Resource for Exploring Online Language Usage for Multiple Mental Health Conditions},
     url = {https://aclanthology.org/C18-1126},
     year = {2018}
    }
    
    @inproceedings{schrading2015analysis,
     address = {Lisbon, Portugal},
     author = {Schrading, Nicolas  and
    Ovesdotter Alm, Cecilia  and
    Ptucha, Ray  and
    Homan, Christopher},
     booktitle = {Proceedings of the 2015 Conference on Empirical Methods in Natural Language Processing},
     doi = {10.18653/v1/D15-1309},
     pages = {2577--2583},
     publisher = {Association for Computational Linguistics},
     title = {An Analysis of Domestic Abuse Discourse on {R}eddit},
     url = {https://aclanthology.org/D15-1309},
     year = {2015}
    }
    
    @inproceedings{wallace2014humans,
     address = {Baltimore, Maryland},
     author = {Wallace, Byron C.  and
    Choe, Do Kook  and
    Kertz, Laura  and
    Charniak, Eugene},
     booktitle = {Proceedings of the 52nd Annual Meeting of the Association for Computational Linguistics (Volume 2: Short Papers)},
     doi = {10.3115/v1/P14-2084},
     pages = {512--516},
     publisher = {Association for Computational Linguistics},
     title = {Humans Require Context to Infer Ironic Intent (so Computers Probably do, too)},
     url = {https://aclanthology.org/P14-2084},
     year = {2014}
    }
    
    @inproceedings{cole2017,
     author = {R. Cole, Jeremy and Ghafurian, Moojan and Reitter, David},
     isbn = {978-3-319-60239-4},
     pages = {236-241},
     title = {Is Word Adoption a Grassroots Process? An Analysis of Reddit Communities},
     year = {2017}
    }
    
    @inproceedings{Dang:2015:VFC:2808797.2808830,
     author = {Anh Dang and
    Abidalrahman Moh'd and
    Anatoliy A. Gruzd and
    Evangelos E. Milios and
    Rosane Minghim},
     bibsource = {dblp computer science bibliography, https://dblp.org},
     biburl = {https://dblp.org/rec/conf/asunam/DangMGMM15.bib},
     booktitle = {Proceedings of the 2015 {IEEE/ACM} International Conference on Advances
    in Social Networks Analysis and Mining, {ASONAM} 2015, Paris, France,
    August 25 - 28, 2015},
     doi = {10.1145/2808797.2808830},
     editor = {Jian Pei and
    Fabrizio Silvestri and
    Jie Tang},
     pages = {713--720},
     publisher = {{ACM}},
     timestamp = {Wed, 14 Nov 2018 00:00:00 +0100},
     title = {A Visual Framework for Clustering Memes in Social Media},
     url = {https://doi.org/10.1145/2808797.2808830},
     year = {2015}
    }
    
    @mastersthesis{Vasilev2018,
     author = {Evgenii Vasilev},
     pages = {78},
     school = {Universit{\"a}t Koblenz-Landau, Universit{\"a}tsbibliothek},
     title = {Inferring Gender of Reddit Users},
     type = {Master's Thesis},
     year = {2018}
    }
    
    @inproceedings{mikolov2013distributed,
     author = {Tom{\'{a}}s Mikolov and
    Ilya Sutskever and
    Kai Chen and
    Gregory S. Corrado and
    Jeffrey Dean},
     bibsource = {dblp computer science bibliography, https://dblp.org},
     biburl = {https://dblp.org/rec/conf/nips/MikolovSCCD13.bib},
     booktitle = {Advances in Neural Information Processing Systems 26: 27th Annual
    Conference on Neural Information Processing Systems 2013. Proceedings
    of a meeting held December 5-8, 2013, Lake Tahoe, Nevada, United States},
     editor = {Christopher J. C. Burges and
    L{\'{e}}on Bottou and
    Zoubin Ghahramani and
    Kilian Q. Weinberger},
     pages = {3111--3119},
     timestamp = {Thu, 21 Jan 2021 00:00:00 +0100},
     title = {Distributed Representations of Words and Phrases and their Compositionality},
     url = {https://proceedings.neurips.cc/paper/2013/hash/9aa42b31882ec039965f3c4923ce901b-Abstract.html},
     year = {2013}
    }
    
    @inproceedings{fast2016empath,
     author = {Ethan Fast and
    Binbin Chen and
    Michael S. Bernstein},
     bibsource = {dblp computer science bibliography, https://dblp.org},
     biburl = {https://dblp.org/rec/conf/chi/FastCB16.bib},
     booktitle = {Proceedings of the 2016 {CHI} Conference on Human Factors in Computing
    Systems, San Jose, CA, USA, May 7-12, 2016},
     doi = {10.1145/2858036.2858535},
     editor = {Jofish Kaye and
    Allison Druin and
    Cliff Lampe and
    Dan Morris and
    Juan Pablo Hourcade},
     pages = {4647--4657},
     publisher = {{ACM}},
     timestamp = {Sun, 25 Oct 2020 01:00:00 +0200},
     title = {Empath: Understanding Topic Signals in Large-Scale Text},
     url = {https://doi.org/10.1145/2858036.2858535},
     year = {2016}
    }
    
    @article{thelwall2018she,
     author = {Mike Thelwall and Emma Stuart},
     doi = {https://doi.org/10.1016/j.ipm.2018.10.007},
     issn = {0306-4573},
     journal = {Information Processing & Management},
     number = {4},
     pages = {1543 - 1558},
     title = {She's Reddit: A source of statistically significant gendered interest information?},
     url = {http://www.sciencedirect.com/science/article/pii/S0306457318304692},
     volume = {56},
     year = {2019}
    }
    
    @article{finlay2014age,
      title={Age and Gender in Reddit Commenting and Success},
      author={Finlay, S Craig},
      journal={Journal of Information Science Theory and Practice},
      volume={2},
      number={3},
      pages={18--28},
      year={2014},
      publisher={Korea Institute of Science and Technology Information}
    }
    
    @inproceedings{fabian2015privacy,
     author = {Fabian, Benjamin and Baumann, Annika and Keil, Marian},
     booktitle = {Proceedings of ECIS'15},
     title = {Privacy on Reddit? Towards Large-scale User Classification},
     year = {2015}
    }
    
    @inproceedings{tigunova2019listening,
     author = {Anna Tigunova and
    Andrew Yates and
    Paramita Mirza and
    Gerhard Weikum},
     bibsource = {dblp computer science bibliography, https://dblp.org},
     biburl = {https://dblp.org/rec/conf/www/TigunovaYMW19.bib},
     booktitle = {The World Wide Web Conference, {WWW} 2019, San Francisco, CA, USA,
    May 13-17, 2019},
     doi = {10.1145/3308558.3313498},
     editor = {Ling Liu and
    Ryen W. White and
    Amin Mantrach and
    Fabrizio Silvestri and
    Julian J. McAuley and
    Ricardo Baeza{-}Yates and
    Leila Zia},
     pages = {1818--1828},
     publisher = {{ACM}},
     timestamp = {Thu, 16 May 2019 01:00:00 +0200},
     title = {Listening between the Lines: Learning Personal Attributes from Conversations},
     url = {https://doi.org/10.1145/3308558.3313498},
     year = {2019}
    }
    
    @inproceedings{fuhr2018some,
     author = {Fuhr, Norbert},
     booktitle = {ACM SIGIR Forum},
     number = {3},
     organization = {ACM},
     pages = {32--41},
     title = {Some common mistakes in IR evaluation, and how they can be avoided},
     volume = {51},
     year = {2018}
    }
    
    @article{Kruskal1964,
     abstract = {We describe the numerical methods required in our approach to multi-dimensional scaling. The rationale of this approach has appeared previously.},
     author = {Kruskal, J. B.},
     day = {01},
     doi = {10.1007/BF02289694},
     issn = {1860-0980},
     journal = {Psychometrika},
     number = {2},
     pages = {115--129},
     title = {Nonmetric multidimensional scaling: A numerical method},
     url = {https://doi.org/10.1007/BF02289694},
     volume = {29},
     year = {1964}
    }
    
    @article{schwartz2013personality,
     author = {Schwartz, H Andrew and Eichstaedt, Johannes C and Kern, Margaret L and Dziurzynski, Lukasz and Ramones, Stephanie M and Agrawal, Megha and Shah, Achal and Kosinski, Michal and Stillwell, David and Seligman, Martin EP and others},
     journal = {PloS one},
     number = {9},
     pages = {e73791},
     publisher = {Public Library of Science},
     title = {Personality, gender, and age in the language of social media: The open-vocabulary approach},
     volume = {8},
     year = {2013}
    }
    
    @inproceedings{rangel2015overview,
     author = {Rangel Pardo, Francisco Manuel and Celli, Fabio and Rosso, Paolo and Potthast, Martin and Stein, Benno and Daelemans, Walter},
     booktitle = {CLEF 2015 Evaluation Labs and Workshop Working Notes Papers},
     pages = {1--8},
     title = {Overview of the 3rd Author Profiling Task at PAN 2015},
     year = {2015}
    }
    
    @inproceedings{gyrard2018personalized,
     author = {Gyrard, Amelie and Gaur, Manas and Shekarpour, Saeedeh and Thirunarayan, Krishnaprasad and Sheth, Amit},
     booktitle = {First International Workshop on Contextualized Knowledge Graphs},
     title = {Personalized Health Knowledge Graph},
     year = {2018}
    }
    
    @article{sloan2015tweets,
     author = {Sloan, Luke and Morgan, Jeffrey and Burnap, Pete and Williams, Matthew},
     journal = {PloS one},
     number = {3},
     pages = {e0115545},
     publisher = {Public Library of Science},
     title = {Who tweets? Deriving the demographic characteristics of age, occupation and social class from Twitter user meta-data},
     volume = {10},
     year = {2015}
    }
    
    @inproceedings{rao2010classifying,
     author = {Rao, Delip and Yarowsky, David and Shreevats, Abhishek and Gupta, Manaswi},
     booktitle = {Proceedings of the 2nd international workshop on Search and mining user-generated contents},
     organization = {ACM},
     pages = {37--44},
     title = {Classifying latent user attributes in twitter},
     year = {2010}
    }
    
    @inproceedings{wieting,
     author = {John Wieting and
    Mohit Bansal and
    Kevin Gimpel and
    Karen Livescu},
     bibsource = {dblp computer science bibliography, https://dblp.org},
     biburl = {https://dblp.org/rec/journals/corr/WietingBGL15a.bib},
     booktitle = {4th International Conference on Learning Representations, {ICLR} 2016,
    San Juan, Puerto Rico, May 2-4, 2016, Conference Track Proceedings},
     editor = {Yoshua Bengio and
    Yann LeCun},
     timestamp = {Fri, 29 Mar 2019 00:00:00 +0100},
     title = {Towards Universal Paraphrastic Sentence Embeddings},
     url = {http://arxiv.org/abs/1511.08198},
     year = {2016}
    }
    
    @inproceedings{zhang2018personalizing,
     address = {Melbourne, Australia},
     author = {Zhang, Saizheng  and
    Dinan, Emily  and
    Urbanek, Jack  and
    Szlam, Arthur  and
    Kiela, Douwe  and
    Weston, Jason},
     booktitle = {Proceedings of the 56th Annual Meeting of the Association for Computational Linguistics (Volume 1: Long Papers)},
     doi = {10.18653/v1/P18-1205},
     pages = {2204--2213},
     publisher = {Association for Computational Linguistics},
     title = {Personalizing Dialogue Agents: {I} have a dog, do you have pets too?},
     url = {https://aclanthology.org/P18-1205},
     year = {2018}
    }
    
    @inproceedings{stanford,
     address = {Beijing, China},
     author = {Angeli, Gabor  and
    Johnson Premkumar, Melvin Jose  and
    Manning, Christopher D.},
     booktitle = {Proceedings of the 53rd Annual Meeting of the Association for Computational Linguistics and the 7th International Joint Conference on Natural Language Processing (Volume 1: Long Papers)},
     doi = {10.3115/v1/P15-1034},
     pages = {344--354},
     publisher = {Association for Computational Linguistics},
     title = {Leveraging Linguistic Structure For Open Domain Information Extraction},
     url = {https://aclanthology.org/P15-1034},
     year = {2015}
    }
    
    @inproceedings{embed5,
     author = {Sanjeev Arora and
    Yingyu Liang and
    Tengyu Ma},
     bibsource = {dblp computer science bibliography, https://dblp.org},
     biburl = {https://dblp.org/rec/conf/iclr/AroraLM17.bib},
     booktitle = {5th International Conference on Learning Representations, {ICLR} 2017,
    Toulon, France, April 24-26, 2017, Conference Track Proceedings},
     publisher = {OpenReview.net},
     timestamp = {Thu, 25 Jul 2019 01:00:00 +0200},
     title = {A Simple but Tough-to-Beat Baseline for Sentence Embeddings},
     url = {https://openreview.net/forum?id=SyK00v5xx},
     year = {2017}
    }
    
    @inproceedings{cnn,
     address = {Doha, Qatar},
     author = {Kim, Yoon},
     booktitle = {Proceedings of the 2014 Conference on Empirical Methods in Natural Language Processing ({EMNLP})},
     doi = {10.3115/v1/D14-1181},
     pages = {1746--1751},
     publisher = {Association for Computational Linguistics},
     title = {Convolutional Neural Networks for Sentence Classification},
     url = {https://aclanthology.org/D14-1181},
     year = {2014}
    }
    
    @inbook{IEbasic,
     author = {Jiang, Jing},
     booktitle = {Mining Text Data},
     doi = {10.1007/978-1-4614-3223-4_2},
     editor = {Aggarwal, Charu C.
    and Zhai, ChengXiang},
     isbn = {978-1-4614-3223-4},
     title = {Information Extraction from Text},
     year = {2012}
    }
    
    @inproceedings{IEtrad,
     author = {Craven, Mark and DiPasquo, Dan and Freitag, Dayne and McCallum, Andrew and Mitchell, Tom and Nigam, Kamal and Slattery, Se\'{a}n},
     booktitle = {Proceedings of {AAAI/IAAI'98}},
     title = {Learning to Extract Symbolic Knowledge from the World Wide Web},
     year = {1998}
    }
    
    @inproceedings{OpenIE,
     author = {Banko, Michele and Cafarella, Michael J. and Soderland, Stephen and Broadhead, Matt and Etzioni, Oren},
     booktitle = {Proceedings of IJCAI'07},
     title = {Open Information Extraction from the Web},
     year = {2007}
    }
    
    @inproceedings{oie1,
     address = {Uppsala, Sweden},
     author = {Wu, Fei  and
    Weld, Daniel S.},
     booktitle = {Proceedings of the 48th Annual Meeting of the Association for Computational Linguistics},
     pages = {118--127},
     publisher = {Association for Computational Linguistics},
     title = {Open Information Extraction Using {W}ikipedia},
     url = {https://aclanthology.org/P10-1013},
     year = {2010}
    }
    
    @inproceedings{oie2,
     address = {Jeju Island, Korea},
     author = {{Mausam}  and
    Schmitz, Michael  and
    Soderland, Stephen  and
    Bart, Robert  and
    Etzioni, Oren},
     booktitle = {Proceedings of the 2012 Joint Conference on Empirical Methods in Natural Language Processing and Computational Natural Language Learning},
     pages = {523--534},
     publisher = {Association for Computational Linguistics},
     title = {Open Language Learning for Information Extraction},
     url = {https://aclanthology.org/D12-1048},
     year = {2012}
    }
    
    @inproceedings{oie3,
     address = {Edinburgh, Scotland, UK.},
     author = {Fader, Anthony  and
    Soderland, Stephen  and
    Etzioni, Oren},
     booktitle = {Proceedings of the 2011 Conference on Empirical Methods in Natural Language Processing},
     pages = {1535--1545},
     publisher = {Association for Computational Linguistics},
     title = {Identifying Relations for Open Information Extraction},
     url = {https://aclanthology.org/D11-1142},
     year = {2011}
    }
    
    @inproceedings{ielstm,
     address = {Berlin, Germany},
     author = {Miwa, Makoto  and
    Bansal, Mohit},
     booktitle = {Proceedings of the 54th Annual Meeting of the Association for Computational Linguistics (Volume 1: Long Papers)},
     doi = {10.18653/v1/P16-1105},
     pages = {1105--1116},
     publisher = {Association for Computational Linguistics},
     title = {End-to-End Relation Extraction using {LSTM}s on Sequences and Tree Structures},
     url = {https://aclanthology.org/P16-1105},
     year = {2016}
    }
    
    @inproceedings{bot1,
     author = {Marjan Ghazvininejad and
    Chris Brockett and
    Ming{-}Wei Chang and
    Bill Dolan and
    Jianfeng Gao and
    Wen{-}tau Yih and
    Michel Galley},
     bibsource = {dblp computer science bibliography, https://dblp.org},
     biburl = {https://dblp.org/rec/conf/aaai/GhazvininejadBC18.bib},
     booktitle = {Proceedings of the Thirty-Second {AAAI} Conference on Artificial Intelligence,
    (AAAI-18), the 30th innovative Applications of Artificial Intelligence
    (IAAI-18), and the 8th {AAAI} Symposium on Educational Advances in
    Artificial Intelligence (EAAI-18), New Orleans, Louisiana, USA, February
    2-7, 2018},
     editor = {Sheila A. McIlraith and
    Kilian Q. Weinberger},
     pages = {5110--5117},
     publisher = {{AAAI} Press},
     timestamp = {Mon, 22 Oct 2018 01:00:00 +0200},
     title = {A Knowledge-Grounded Neural Conversation Model},
     url = {https://www.aaai.org/ocs/index.php/AAAI/AAAI18/paper/view/16710},
     year = {2018}
    }
    
    @inproceedings{dial1,
     address = {Saarbr{\"u}cken, Germany},
     author = {Lison, Pierre  and
    Bibauw, Serge},
     booktitle = {Proceedings of the 18th Annual {SIG}dial Meeting on Discourse and Dialogue},
     doi = {10.18653/v1/W17-5546},
     pages = {384--394},
     publisher = {Association for Computational Linguistics},
     title = {Not All Dialogues are Created Equal: Instance Weighting for Neural Conversational Models},
     url = {https://aclanthology.org/W17-5546},
     year = {2017}
    }
    
    @inproceedings{dial2,
     author = {Tom Young and
    Erik Cambria and
    Iti Chaturvedi and
    Hao Zhou and
    Subham Biswas and
    Minlie Huang},
     bibsource = {dblp computer science bibliography, https://dblp.org},
     biburl = {https://dblp.org/rec/conf/aaai/YoungCCZBH18.bib},
     booktitle = {Proceedings of the Thirty-Second {AAAI} Conference on Artificial Intelligence,
    (AAAI-18), the 30th innovative Applications of Artificial Intelligence
    (IAAI-18), and the 8th {AAAI} Symposium on Educational Advances in
    Artificial Intelligence (EAAI-18), New Orleans, Louisiana, USA, February
    2-7, 2018},
     editor = {Sheila A. McIlraith and
    Kilian Q. Weinberger},
     pages = {4970--4977},
     publisher = {{AAAI} Press},
     timestamp = {Mon, 22 Oct 2018 01:00:00 +0200},
     title = {Augmenting End-to-End Dialogue Systems With Commonsense Knowledge},
     url = {https://www.aaai.org/ocs/index.php/AAAI/AAAI18/paper/view/16573},
     year = {2018}
    }
    
    @inproceedings{dial3,
     address = {Austin, Texas},
     author = {Zhou, Xiangyang  and
    Dong, Daxiang  and
    Wu, Hua  and
    Zhao, Shiqi  and
    Yu, Dianhai  and
    Tian, Hao  and
    Liu, Xuan  and
    Yan, Rui},
     booktitle = {Proceedings of the 2016 Conference on Empirical Methods in Natural Language Processing},
     doi = {10.18653/v1/D16-1036},
     pages = {372--381},
     publisher = {Association for Computational Linguistics},
     title = {Multi-view Response Selection for Human-Computer Conversation},
     url = {https://aclanthology.org/D16-1036},
     year = {2016}
    }
    
    @inproceedings{dial4,
     author = {Antoine Bordes and
    Y{-}Lan Boureau and
    Jason Weston},
     bibsource = {dblp computer science bibliography, https://dblp.org},
     biburl = {https://dblp.org/rec/conf/iclr/BordesBW17.bib},
     booktitle = {5th International Conference on Learning Representations, {ICLR} 2017,
    Toulon, France, April 24-26, 2017, Conference Track Proceedings},
     publisher = {OpenReview.net},
     timestamp = {Tue, 23 Jul 2019 01:00:00 +0200},
     title = {Learning End-to-End Goal-Oriented Dialog},
     url = {https://openreview.net/forum?id=S1Bb3D5gg},
     year = {2017}
    }
    
    @inproceedings{dial5,
     author = {Long, Yinong and Wang, Jianan and Xu, Zhen and Wang, Zongsheng and Wang, Baoxun and Wang, Zhuoran},
     booktitle = {Proceedings of the 6th Dialog System Technology Challenges (DSTC6) Workshop},
     title = {A knowledge enhanced generative conversational service agent},
     year = {2017}
    }
    
    @inproceedings{dial6,
     address = {Melbourne, Australia},
     author = {Madotto, Andrea  and
    Wu, Chien-Sheng  and
    Fung, Pascale},
     booktitle = {Proceedings of the 56th Annual Meeting of the Association for Computational Linguistics (Volume 1: Long Papers)},
     doi = {10.18653/v1/P18-1136},
     pages = {1468--1478},
     publisher = {Association for Computational Linguistics},
     title = {{M}em2{S}eq: Effectively Incorporating Knowledge Bases into End-to-End Task-Oriented Dialog Systems},
     url = {https://aclanthology.org/P18-1136},
     year = {2018}
    }
    
    @inproceedings{dial8,
     address = {Denver, Colorado},
     author = {Sordoni, Alessandro  and
    Galley, Michel  and
    Auli, Michael  and
    Brockett, Chris  and
    Ji, Yangfeng  and
    Mitchell, Margaret  and
    Nie, Jian-Yun  and
    Gao, Jianfeng  and
    Dolan, Bill},
     booktitle = {Proceedings of the 2015 Conference of the North {A}merican Chapter of the Association for Computational Linguistics: Human Language Technologies},
     doi = {10.3115/v1/N15-1020},
     pages = {196--205},
     publisher = {Association for Computational Linguistics},
     title = {A Neural Network Approach to Context-Sensitive Generation of Conversational Responses},
     url = {https://aclanthology.org/N15-1020},
     year = {2015}
    }
    
    @inproceedings{embed1,
     author = {Tom{\'{a}}s Mikolov and
    Ilya Sutskever and
    Kai Chen and
    Gregory S. Corrado and
    Jeffrey Dean},
     bibsource = {dblp computer science bibliography, https://dblp.org},
     biburl = {https://dblp.org/rec/conf/nips/MikolovSCCD13.bib},
     booktitle = {Advances in Neural Information Processing Systems 26: 27th Annual
    Conference on Neural Information Processing Systems 2013. Proceedings
    of a meeting held December 5-8, 2013, Lake Tahoe, Nevada, United States},
     editor = {Christopher J. C. Burges and
    L{\'{e}}on Bottou and
    Zoubin Ghahramani and
    Kilian Q. Weinberger},
     pages = {3111--3119},
     timestamp = {Thu, 21 Jan 2021 00:00:00 +0100},
     title = {Distributed Representations of Words and Phrases and their Compositionality},
     url = {https://proceedings.neurips.cc/paper/2013/hash/9aa42b31882ec039965f3c4923ce901b-Abstract.html},
     year = {2013}
    }
    
    @article{embed2,
     author = {Yu, Mo  and
    Dredze, Mark},
     doi = {10.1162/tacl_a_00135},
     journal = {Transactions of the Association for Computational Linguistics},
     pages = {227--242},
     title = {Learning Composition Models for Phrase Embeddings},
     url = {https://aclanthology.org/Q15-1017},
     volume = {3},
     year = {2015}
    }
    
    @inproceedings{embed3,
     address = {Taipei, Taiwan},
     author = {Zhou, Zhihao  and
    Huang, Lifu  and
    Ji, Heng},
     booktitle = {Proceedings of the First Workshop on Curation and Applications of Parallel and Comparable Corpora},
     pages = {16--23},
     publisher = {Asian Federation of Natural Language Processing},
     title = {Learning Phrase Embeddings from Paraphrases with {GRU}s},
     url = {https://aclanthology.org/W17-5603},
     year = {2017}
    }
    
    @article{deep,
     author = {Tom Young an},
     journal = {ArXiv preprint},
     title = {Recent Trends in Deep Learning Based Natural Language Processing},
     url = {https://arxiv.org/abs/1708.02709},
     volume = {abs/1708.02709},
     year = {2017}
    }
    
    @inproceedings{cnn1,
     address = {Baltimore, Maryland},
     author = {Kalchbrenner, Nal  and
    Grefenstette, Edward  and
    Blunsom, Phil},
     booktitle = {Proceedings of the 52nd Annual Meeting of the Association for Computational Linguistics (Volume 1: Long Papers)},
     doi = {10.3115/v1/P14-1062},
     pages = {655--665},
     publisher = {Association for Computational Linguistics},
     title = {A Convolutional Neural Network for Modelling Sentences},
     url = {https://aclanthology.org/P14-1062},
     year = {2014}
    }
    
    @inproceedings{cnn2,
     author = {Baotian Hu and
    Zhengdong Lu and
    Hang Li and
    Qingcai Chen},
     bibsource = {dblp computer science bibliography, https://dblp.org},
     biburl = {https://dblp.org/rec/conf/nips/HuLLC14.bib},
     booktitle = {Advances in Neural Information Processing Systems 27: Annual Conference
    on Neural Information Processing Systems 2014, December 8-13 2014,
    Montreal, Quebec, Canada},
     editor = {Zoubin Ghahramani and
    Max Welling and
    Corinna Cortes and
    Neil D. Lawrence and
    Kilian Q. Weinberger},
     pages = {2042--2050},
     timestamp = {Thu, 21 Jan 2021 00:00:00 +0100},
     title = {Convolutional Neural Network Architectures for Matching Natural Language
    Sentences},
     url = {https://proceedings.neurips.cc/paper/2014/hash/b9d487a30398d42ecff55c228ed5652b-Abstract.html},
     year = {2014}
    }
    
    @inproceedings{cnn3,
     address = {Taipei, Taiwan},
     author = {Zhang, Ye  and
    Wallace, Byron},
     booktitle = {Proceedings of the Eighth International Joint Conference on Natural Language Processing (Volume 1: Long Papers)},
     pages = {253--263},
     publisher = {Asian Federation of Natural Language Processing},
     title = {A Sensitivity Analysis of (and Practitioners{'} Guide to) Convolutional Neural Networks for Sentence Classification},
     url = {https://aclanthology.org/I17-1026},
     year = {2017}
    }
    
    @inproceedings{atten1,
     author = {Zhixing Tan and
    Mingxuan Wang and
    Jun Xie and
    Yidong Chen and
    Xiaodong Shi},
     bibsource = {dblp computer science bibliography, https://dblp.org},
     biburl = {https://dblp.org/rec/conf/aaai/TanWXCS18.bib},
     booktitle = {Proceedings of the Thirty-Second {AAAI} Conference on Artificial Intelligence,
    (AAAI-18), the 30th innovative Applications of Artificial Intelligence
    (IAAI-18), and the 8th {AAAI} Symposium on Educational Advances in
    Artificial Intelligence (EAAI-18), New Orleans, Louisiana, USA, February
    2-7, 2018},
     editor = {Sheila A. McIlraith and
    Kilian Q. Weinberger},
     pages = {4929--4936},
     publisher = {{AAAI} Press},
     timestamp = {Mon, 22 Oct 2018 01:00:00 +0200},
     title = {Deep Semantic Role Labeling With Self-Attention},
     url = {https://www.aaai.org/ocs/index.php/AAAI/AAAI18/paper/view/16725},
     year = {2018}
    }
    
    @inproceedings{atten2,
     address = {Berlin, Germany},
     author = {Zhou, Peng  and
    Shi, Wei  and
    Tian, Jun  and
    Qi, Zhenyu  and
    Li, Bingchen  and
    Hao, Hongwei  and
    Xu, Bo},
     booktitle = {Proceedings of the 54th Annual Meeting of the Association for Computational Linguistics (Volume 2: Short Papers)},
     doi = {10.18653/v1/P16-2034},
     pages = {207--212},
     publisher = {Association for Computational Linguistics},
     title = {Attention-Based Bidirectional Long Short-Term Memory Networks for Relation Classification},
     url = {https://aclanthology.org/P16-2034},
     year = {2016}
    }
    
    @article{atten3,
     author = {Wenpeng Yin an},
     journal = {ArXiv preprint},
     title = {Attentive Convolution},
     url = {https://arxiv.org/abs/1710.00519},
     volume = {abs/1710.00519},
     year = {2017}
    }
    
    @article{atten4,
     author = {Yin, Wenpeng  and
    Sch{\"u}tze, Hinrich  and
    Xiang, Bing  and
    Zhou, Bowen},
     doi = {10.1162/tacl_a_00097},
     journal = {Transactions of the Association for Computational Linguistics},
     pages = {259--272},
     title = {{ABCNN}: Attention-Based Convolutional Neural Network for Modeling Sentence Pairs},
     url = {https://aclanthology.org/Q16-1019},
     volume = {4},
     year = {2016}
    }
    
    @article{atten5,
     author = {Colin Raffel an},
     journal = {ArXiv preprint},
     title = {Feed-Forward Networks with Attention Can Solve Some Long-Term Memor},
     url = {https://arxiv.org/abs/1512.08756},
     volume = {abs/1512.08756},
     year = {2015}
    }
    
    @inproceedings{atten6,
     address = {Berlin, Germany},
     author = {Zhou, Peng  and
    Shi, Wei  and
    Tian, Jun  and
    Qi, Zhenyu  and
    Li, Bingchen  and
    Hao, Hongwei  and
    Xu, Bo},
     booktitle = {Proceedings of the 54th Annual Meeting of the Association for Computational Linguistics (Volume 2: Short Papers)},
     doi = {10.18653/v1/P16-2034},
     pages = {207--212},
     publisher = {Association for Computational Linguistics},
     title = {Attention-Based Bidirectional Long Short-Term Memory Networks for Relation Classification},
     url = {https://aclanthology.org/P16-2034},
     year = {2016}
    }
    
    @article{atten7,
     author = {Kaisheng Yao an},
     journal = {ArXiv preprint},
     title = {An Attentional Neural Conversation Model with Improved Specificity},
     url = {https://arxiv.org/abs/1606.01292},
     volume = {abs/1606.01292},
     year = {2016}
    }
    
    @inproceedings{atten8,
     author = {Chen Xing and
    Yu Wu and
    Wei Wu and
    Yalou Huang and
    Ming Zhou},
     bibsource = {dblp computer science bibliography, https://dblp.org},
     biburl = {https://dblp.org/rec/conf/aaai/XingWWHZ18.bib},
     booktitle = {Proceedings of the Thirty-Second {AAAI} Conference on Artificial Intelligence,
    (AAAI-18), the 30th innovative Applications of Artificial Intelligence
    (IAAI-18), and the 8th {AAAI} Symposium on Educational Advances in
    Artificial Intelligence (EAAI-18), New Orleans, Louisiana, USA, February
    2-7, 2018},
     editor = {Sheila A. McIlraith and
    Kilian Q. Weinberger},
     pages = {5610--5617},
     publisher = {{AAAI} Press},
     timestamp = {Mon, 22 Oct 2018 01:00:00 +0200},
     title = {Hierarchical Recurrent Attention Network for Response Generation},
     url = {https://www.aaai.org/ocs/index.php/AAAI/AAAI18/paper/view/16510},
     year = {2018}
    }
    
    @inproceedings{atten9,
     address = {San Diego, California},
     author = {Yang, Zichao  and
    Yang, Diyi  and
    Dyer, Chris  and
    He, Xiaodong  and
    Smola, Alex  and
    Hovy, Eduard},
     booktitle = {Proceedings of the 2016 Conference of the North {A}merican Chapter of the Association for Computational Linguistics: Human Language Technologies},
     doi = {10.18653/v1/N16-1174},
     pages = {1480--1489},
     publisher = {Association for Computational Linguistics},
     title = {Hierarchical Attention Networks for Document Classification},
     url = {https://aclanthology.org/N16-1174},
     year = {2016}
    }
    
    @inproceedings{pers1,
     address = {Berlin, Germany},
     author = {Li, Jiwei  and
    Galley, Michel  and
    Brockett, Chris  and
    Spithourakis, Georgios  and
    Gao, Jianfeng  and
    Dolan, Bill},
     booktitle = {Proceedings of the 54th Annual Meeting of the Association for Computational Linguistics (Volume 1: Long Papers)},
     doi = {10.18653/v1/P16-1094},
     pages = {994--1003},
     publisher = {Association for Computational Linguistics},
     title = {A Persona-Based Neural Conversation Model},
     url = {https://aclanthology.org/P16-1094},
     year = {2016}
    }
    
    @article{peer2017beyond,
     author = {Peer, Eyal and Brandimarte, Laura and Samat, Sonam and Acquisti, Alessandro},
     journal = {Journal of Experimental Social Psychology},
     pages = {153--163},
     publisher = {Elsevier},
     title = {Beyond the Turk: Alternative platforms for crowdsourcing behavioral research},
     volume = {70},
     year = {2017}
    }
    
    @inproceedings{pers2,
     author = {Chaitanya K. Joshi and
    Fei Mi and
    Boi Faltings},
     booktitle = {Proceedings of Conversational AI Workshop, NIPS'17},
     title = {Personalization in Goal-Oriented Dialog},
     year = {2017}
    }
    
    @inproceedings{Danescu-Niculescu-Mizil+Lee:11a,
     address = {Portland, Oregon, USA},
     author = {Danescu-Niculescu-Mizil, Cristian  and
    Lee, Lillian},
     booktitle = {Proceedings of the 2nd Workshop on Cognitive Modeling and Computational Linguistics},
     pages = {76--87},
     publisher = {Association for Computational Linguistics},
     title = {Chameleons in Imagined Conversations: A New Approach to Understanding Coordination of Linguistic Style in Dialogs},
     url = {https://aclanthology.org/W11-0609},
     year = {2011}
    }
    
    @inproceedings{Chen2016,
     author = {Yun-Nung Chen and Dilek Hakkani-Tür and Gokhan Tur and Jianfeng Gao and Li Deng},
     booktitle = {Proceedings of Interspeech'16},
     doi = {10.21437/Interspeech.2016-312},
     title = {End-to-End Memory Networks with Knowledge Carryover for Multi-Turn Spoken Language Understanding},
     year = {2016}
    }
    
    @inproceedings{wakabayashi-EtAl:2016:EMNLP2016,
     address = {Austin, Texas},
     author = {Wakabayashi, Kei  and
    Takeuchi, Johane  and
    Funakoshi, Kotaro  and
    Nakano, Mikio},
     booktitle = {Proceedings of the 2016 Conference on Empirical Methods in Natural Language Processing},
     doi = {10.18653/v1/D16-1232},
     pages = {2144--2152},
     publisher = {Association for Computational Linguistics},
     title = {Nonparametric {B}ayesian Models for Spoken Language Understanding},
     url = {https://aclanthology.org/D16-1232},
     year = {2016}
    }
    
    @inproceedings{AAAI1816104,
     author = {Kaixiang Mo and
    Yu Zhang and
    Shuangyin Li and
    Jiajun Li and
    Qiang Yang},
     bibsource = {dblp computer science bibliography, https://dblp.org},
     biburl = {https://dblp.org/rec/conf/aaai/MoZLLY18.bib},
     booktitle = {Proceedings of the Thirty-Second {AAAI} Conference on Artificial Intelligence,
    (AAAI-18), the 30th innovative Applications of Artificial Intelligence
    (IAAI-18), and the 8th {AAAI} Symposium on Educational Advances in
    Artificial Intelligence (EAAI-18), New Orleans, Louisiana, USA, February
    2-7, 2018},
     editor = {Sheila A. McIlraith and
    Kilian Q. Weinberger},
     pages = {5317--5324},
     publisher = {{AAAI} Press},
     timestamp = {Tue, 23 Jun 2020 01:00:00 +0200},
     title = {Personalizing a Dialogue System With Transfer Reinforcement Learning},
     url = {https://www.aaai.org/ocs/index.php/AAAI/AAAI18/paper/view/16104},
     year = {2018}
    }
    
    @inproceedings{word2vec,
     author = {Tom{\'{a}}s Mikolov and
    Ilya Sutskever and
    Kai Chen and
    Gregory S. Corrado and
    Jeffrey Dean},
     bibsource = {dblp computer science bibliography, https://dblp.org},
     biburl = {https://dblp.org/rec/conf/nips/MikolovSCCD13.bib},
     booktitle = {Advances in Neural Information Processing Systems 26: 27th Annual
    Conference on Neural Information Processing Systems 2013. Proceedings
    of a meeting held December 5-8, 2013, Lake Tahoe, Nevada, United States},
     editor = {Christopher J. C. Burges and
    L{\'{e}}on Bottou and
    Zoubin Ghahramani and
    Kilian Q. Weinberger},
     pages = {3111--3119},
     timestamp = {Thu, 21 Jan 2021 00:00:00 +0100},
     title = {Distributed Representations of Words and Phrases and their Compositionality},
     url = {https://proceedings.neurips.cc/paper/2013/hash/9aa42b31882ec039965f3c4923ce901b-Abstract.html},
     year = {2013}
    }
    
    @inproceedings{adam,
     author = {Diederik P. Kingma and
    Jimmy Ba},
     bibsource = {dblp computer science bibliography, https://dblp.org},
     biburl = {https://dblp.org/rec/journals/corr/KingmaB14.bib},
     booktitle = {3rd International Conference on Learning Representations, {ICLR} 2015,
    San Diego, CA, USA, May 7-9, 2015, Conference Track Proceedings},
     editor = {Yoshua Bengio and
    Yann LeCun},
     timestamp = {Thu, 25 Jul 2019 01:00:00 +0200},
     title = {Adam: {A} Method for Stochastic Optimization},
     url = {http://arxiv.org/abs/1412.6980},
     year = {2015}
    }
    
    @inproceedings{vaswani2017attention,
     author = {Ashish Vaswani and
    Noam Shazeer and
    Niki Parmar and
    Jakob Uszkoreit and
    Llion Jones and
    Aidan N. Gomez and
    Lukasz Kaiser and
    Illia Polosukhin},
     bibsource = {dblp computer science bibliography, https://dblp.org},
     biburl = {https://dblp.org/rec/conf/nips/VaswaniSPUJGKP17.bib},
     booktitle = {Advances in Neural Information Processing Systems 30: Annual Conference
    on Neural Information Processing Systems 2017, December 4-9, 2017,
    Long Beach, CA, {USA}},
     editor = {Isabelle Guyon and
    Ulrike von Luxburg and
    Samy Bengio and
    Hanna M. Wallach and
    Rob Fergus and
    S. V. N. Vishwanathan and
    Roman Garnett},
     pages = {5998--6008},
     timestamp = {Thu, 21 Jan 2021 00:00:00 +0100},
     title = {Attention is All you Need},
     url = {https://proceedings.neurips.cc/paper/2017/hash/3f5ee243547dee91fbd053c1c4a845aa-Abstract.html},
     year = {2017}
    }
    
    @inproceedings{bahdanau2014neural,
     author = {Dzmitry Bahdanau and
    Kyunghyun Cho and
    Yoshua Bengio},
     bibsource = {dblp computer science bibliography, https://dblp.org},
     biburl = {https://dblp.org/rec/journals/corr/BahdanauCB14.bib},
     booktitle = {3rd International Conference on Learning Representations, {ICLR} 2015,
    San Diego, CA, USA, May 7-9, 2015, Conference Track Proceedings},
     editor = {Yoshua Bengio and
    Yann LeCun},
     timestamp = {Fri, 29 Mar 2019 00:00:00 +0100},
     title = {Neural Machine Translation by Jointly Learning to Align and Translate},
     url = {http://arxiv.org/abs/1409.0473},
     year = {2015}
    }
    
    @inproceedings{tang2018self,
     address = {Brussels, Belgium},
     author = {Tang, Gongbo  and
    M{\"u}ller, Mathias  and
    Rios, Annette  and
    Sennrich, Rico},
     booktitle = {Proceedings of the 2018 Conference on Empirical Methods in Natural Language Processing},
     doi = {10.18653/v1/D18-1458},
     pages = {4263--4272},
     publisher = {Association for Computational Linguistics},
     title = {Why Self-Attention? A Targeted Evaluation of Neural Machine Translation Architectures},
     url = {https://aclanthology.org/D18-1458},
     year = {2018}
    }
    
    @inproceedings{Rao:2010,
     author = {Rao, Delip and Yarowsky, David and Shreevats, Abhishek and Gupta, Manaswi},
     booktitle = {Proceedings of SMUC'10},
     title = {Classifying Latent User Attributes in Twitter},
     year = {2010}
    }
    
    @inproceedings{burger:EMNLP11,
     address = {Edinburgh, Scotland, UK.},
     author = {Burger, John D.  and
    Henderson, John  and
    Kim, George  and
    Zarrella, Guido},
     booktitle = {Proceedings of the 2011 Conference on Empirical Methods in Natural Language Processing},
     pages = {1301--1309},
     publisher = {Association for Computational Linguistics},
     title = {Discriminating Gender on {T}witter},
     url = {https://aclanthology.org/D11-1120},
     year = {2011}
    }
    
    @inproceedings{pennacchiotti:ICWSM11,
     author = {Marco Pennacchiotti and Ana-Maria Popescu},
     booktitle = {Proceedings of ICWSM'11},
     title = {A Machine Learning Approach to Twitter User Classification},
     year = {2011}
    }
    
    @inproceedings{Schwartz2013PersonalityGA,
     author = {H. Andrew Schwartz and Johannes C. Eichstaedt and Margaret L. Kern and Lukasz Dziurzynski and Stephanie Ramones and Megha Agrawal and Achal Shah and Michal Kosinski and David Stillwell and Martin E. P. Seligman and Lyle H. Ungar},
     booktitle = {PloS one},
     title = {Personality, Gender, and Age in the Language of Social Media: The Open-Vocabulary Approach},
     year = {2013}
    }
    
    @inproceedings{sap:EMNLP14,
     address = {Doha, Qatar},
     author = {Sap, Maarten  and
    Park, Gregory  and
    Eichstaedt, Johannes  and
    Kern, Margaret  and
    Stillwell, David  and
    Kosinski, Michal  and
    Ungar, Lyle  and
    Schwartz, Hansen Andrew},
     booktitle = {Proceedings of the 2014 Conference on Empirical Methods in Natural Language Processing ({EMNLP})},
     doi = {10.3115/v1/D14-1121},
     pages = {1146--1151},
     publisher = {Association for Computational Linguistics},
     title = {Developing Age and Gender Predictive Lexica over Social Media},
     url = {https://aclanthology.org/D14-1121},
     year = {2014}
    }
    
    @inproceedings{pietro:ACL15,
     address = {Beijing, China},
     author = {Preo{\c{t}}iuc-Pietro, Daniel  and
    Lampos, Vasileios  and
    Aletras, Nikolaos},
     booktitle = {Proceedings of the 53rd Annual Meeting of the Association for Computational Linguistics and the 7th International Joint Conference on Natural Language Processing (Volume 1: Long Papers)},
     doi = {10.3115/v1/P15-1169},
     pages = {1754--1764},
     publisher = {Association for Computational Linguistics},
     title = {An analysis of the user occupational class through {T}witter content},
     url = {https://aclanthology.org/P15-1169},
     year = {2015}
    }
    
    @inproceedings{flekova:ACL16:long,
     address = {Berlin, Germany},
     author = {Flekova, Lucie  and
    Carpenter, Jordan  and
    Giorgi, Salvatore  and
    Ungar, Lyle  and
    Preo{\c{t}}iuc-Pietro, Daniel},
     booktitle = {Proceedings of the 54th Annual Meeting of the Association for Computational Linguistics (Volume 1: Long Papers)},
     doi = {10.18653/v1/P16-1080},
     pages = {843--854},
     publisher = {Association for Computational Linguistics},
     title = {Analyzing Biases in Human Perception of User Age and Gender from Text},
     url = {https://aclanthology.org/P16-1080},
     year = {2016}
    }
    
    @inproceedings{flekova:ACL16:short,
     address = {Berlin, Germany},
     author = {Flekova, Lucie  and
    Preo{\c{t}}iuc-Pietro, Daniel  and
    Ungar, Lyle},
     booktitle = {Proceedings of the 54th Annual Meeting of the Association for Computational Linguistics (Volume 2: Short Papers)},
     doi = {10.18653/v1/P16-2051},
     pages = {313--319},
     publisher = {Association for Computational Linguistics},
     title = {Exploring Stylistic Variation with Age and Income on {T}witter},
     url = {https://aclanthology.org/P16-2051},
     year = {2016}
    }
    
    @inproceedings{pietro:ACL17:long,
     address = {Vancouver, Canada},
     author = {Preo{\c{t}}iuc-Pietro, Daniel  and
    Liu, Ye  and
    Hopkins, Daniel  and
    Ungar, Lyle},
     booktitle = {Proceedings of the 55th Annual Meeting of the Association for Computational Linguistics (Volume 1: Long Papers)},
     doi = {10.18653/v1/P17-1068},
     pages = {729--740},
     publisher = {Association for Computational Linguistics},
     title = {Beyond Binary Labels: Political Ideology Prediction of {T}witter Users},
     url = {https://aclanthology.org/P17-1068},
     year = {2017}
    }
    
    @inproceedings{pietro:COLING18,
     address = {Santa Fe, New Mexico, USA},
     author = {Preo{\c{t}}iuc-Pietro, Daniel  and
    Ungar, Lyle},
     booktitle = {Proceedings of the 27th International Conference on Computational Linguistics},
     pages = {1534--1545},
     publisher = {Association for Computational Linguistics},
     title = {User-Level Race and Ethnicity Predictors from {T}witter Text},
     url = {https://aclanthology.org/C18-1130},
     year = {2018}
    }
    
    @inproceedings{kim:ACL17:short,
     address = {Vancouver, Canada},
     author = {Kim, Sunghwan Mac  and
    Xu, Qiongkai  and
    Qu, Lizhen  and
    Wan, Stephen  and
    Paris, C{\'e}cile},
     booktitle = {Proceedings of the 55th Annual Meeting of the Association for Computational Linguistics (Volume 2: Short Papers)},
     doi = {10.18653/v1/P17-2075},
     pages = {471--477},
     publisher = {Association for Computational Linguistics},
     title = {Demographic Inference on {T}witter using Recursive Neural Networks},
     url = {https://aclanthology.org/P17-2075},
     year = {2017}
    }
    
    @inproceedings{garera-yarowsky:2009:ACLIJCNLP,
     address = {Suntec, Singapore},
     author = {Garera, Nikesh  and
    Yarowsky, David},
     booktitle = {Proceedings of the Joint Conference of the 47th Annual Meeting of the {ACL} and the 4th International Joint Conference on Natural Language Processing of the {AFNLP}},
     pages = {710--718},
     publisher = {Association for Computational Linguistics},
     title = {Modeling Latent Biographic Attributes in Conversational Genres},
     url = {https://aclanthology.org/P09-1080},
     year = {2009}
    }
    
    @inproceedings{jing-kambhatla-roukos:2007:ACLMain,
     address = {Prague, Czech Republic},
     author = {Jing, Hongyan  and
    Kambhatla, Nanda  and
    Roukos, Salim},
     booktitle = {Proceedings of the 45th Annual Meeting of the Association of Computational Linguistics},
     pages = {1040--1047},
     publisher = {Association for Computational Linguistics},
     title = {Extracting Social Networks and Biographical Facts From Conversational Speech Transcripts},
     url = {https://aclanthology.org/P07-1131},
     year = {2007}
    }
    
    @inproceedings{vijayaraghavan:ACL17:short,
     address = {Vancouver, Canada},
     author = {Vijayaraghavan, Prashanth  and
    Vosoughi, Soroush  and
    Roy, Deb},
     booktitle = {Proceedings of the 55th Annual Meeting of the Association for Computational Linguistics (Volume 2: Short Papers)},
     doi = {10.18653/v1/P17-2076},
     pages = {478--483},
     publisher = {Association for Computational Linguistics},
     title = {{T}witter Demographic Classification Using Deep Multi-modal Multi-task Learning},
     url = {https://aclanthology.org/P17-2076},
     year = {2017}
    }
    
    @inproceedings{bayot:MOD17,
     address = {Cham},
     author = {Bayot, Roy Khristopher and Gon{\c{c}}alves, Teresa},
     booktitle = {Machine Learning, Optimization, and Big Data},
     isbn = {978-3-319-72926-8},
     publisher = {Springer International Publishing},
     title = {Age and Gender Classification of Tweets Using Convolutional Neural Networks},
     year = {2018}
    }
    
    @inproceedings{li-ritter-hovy:ACL14,
     address = {Baltimore, Maryland},
     author = {Li, Jiwei  and
    Ritter, Alan  and
    Hovy, Eduard},
     booktitle = {Proceedings of the 52nd Annual Meeting of the Association for Computational Linguistics (Volume 1: Long Papers)},
     doi = {10.3115/v1/P14-1016},
     pages = {165--174},
     publisher = {Association for Computational Linguistics},
     title = {Weakly Supervised User Profile Extraction from {T}witter},
     url = {https://aclanthology.org/P14-1016},
     year = {2014}
    }
    
    @inproceedings{priante-EtAl:2016,
     address = {Austin, Texas},
     author = {Priante, Anna  and
    Hiemstra, Djoerd  and
    van den Broek, Tijs  and
    Saeed, Aaqib  and
    Ehrenhard, Michel  and
    Need, Ariana},
     booktitle = {Proceedings of the First Workshop on {NLP} and Computational Social Science},
     doi = {10.18653/v1/W16-5608},
     pages = {55--65},
     publisher = {Association for Computational Linguistics},
     title = {{\#}{W}ho{A}m{I} in 160 Characters? Classifying Social Identities Based on {T}witter Profile Descriptions},
     url = {https://aclanthology.org/W16-5608},
     year = {2016}
    }
    
    @inproceedings{Peters:2018,
     address = {New Orleans, Louisiana},
     author = {Peters, Matthew E.  and
    Neumann, Mark  and
    Iyyer, Mohit  and
    Gardner, Matt  and
    Clark, Christopher  and
    Lee, Kenton  and
    Zettlemoyer, Luke},
     booktitle = {Proceedings of the 2018 Conference of the North {A}merican Chapter of the Association for Computational Linguistics: Human Language Technologies, Volume 1 (Long Papers)},
     doi = {10.18653/v1/N18-1202},
     pages = {2227--2237},
     publisher = {Association for Computational Linguistics},
     title = {Deep Contextualized Word Representations},
     url = {https://aclanthology.org/N18-1202},
     year = {2018}
    }
    
    @inproceedings{gjurkovic-EtAl:2018,
     address = {New Orleans, Louisiana, USA},
     author = {Gjurkovi{\'c}, Matej  and
    {\v{S}}najder, Jan},
     booktitle = {Proceedings of the Second Workshop on Computational Modeling of People{'}s Opinions, Personality, and Emotions in Social Media},
     doi = {10.18653/v1/W18-1112},
     pages = {87--97},
     publisher = {Association for Computational Linguistics},
     title = {{R}eddit: A Gold Mine for Personality Prediction},
     url = {https://aclanthology.org/W18-1112},
     year = {2018}
    }
    
    @inproceedings{busgeropvollenbroek:2016,
     author = {Mart {Busger op Vollenbroek} and Talvany Carlotto and Tim Kreutz and Maria Medvedeva and Chris Pool and Johannes Bjerva and Hessel Haagsma and Malvina Nissim},
     booktitle = {Working Notes Papers of the CLEF 2016 Evaluation Labs},
     title = {{GronUP: Groningen User Profiling---Notebook for PAN at CLEF 2016}},
     year = {2016}
    }
    
    @inproceedings{basile:2017,
     author = {Angelo Basile and Gareth Dwyer and Maria Medvedeva and Josine Rawee and Hessel Haagsma and Malvina Nissim},
     booktitle = {Working Notes Papers of the CLEF 2017 Evaluation Labs},
     title = {{N-GrAM: New Groningen Author-profiling Model---Notebook for PAN at CLEF 2017}},
     year = {2017}
    }
    
    @inproceedings{stein:2017l,
     author = {Martin Potthast and Francisco Rangel and Michael Tschuggnall and Efstathios Stamatatos and Paolo Rosso and Benno Stein},
     booktitle = {Experimental IR Meets Multilinguality, Multimodality, and Interaction. 7th International Conference of the CLEF Initiative (CLEF 17)},
     title = {{Overview of PAN'17: Author Identification, Author Profiling, and Author Obfuscation}},
     year = {2017}
    }
    
    @inproceedings{stein:2017o,
     author = {{Francisco Manuel} and {Rangel Pardo} and Paolo Rosso and Martin Potthast and Benno Stein},
     booktitle = {Working Notes Papers of the CLEF 2017 Evaluation Labs},
     title = {{Overview of the 5th Author Profiling Task at PAN 2017: Gender and Language Variety Identification in Twitter}},
     year = {2017}
    }
    
    @article{pennebaker2001linguistic,
     author = {Pennebaker, James W and Francis, Martha E and Booth, Roger J},
     journal = {Mahway: Lawrence Erlbaum Associates},
     title = {Linguistic inquiry and word count: LIWC 2001},
     volume = {71},
     year = {2001}
    }
    
    @inproceedings{pennington2014glove,
     address = {Doha, Qatar},
     author = {Pennington, Jeffrey  and
    Socher, Richard  and
    Manning, Christopher},
     booktitle = {Proceedings of the 2014 Conference on Empirical Methods in Natural Language Processing ({EMNLP})},
     doi = {10.3115/v1/D14-1162},
     pages = {1532--1543},
     publisher = {Association for Computational Linguistics},
     title = {{G}lo{V}e: Global Vectors for Word Representation},
     url = {https://aclanthology.org/D14-1162},
     year = {2014}
    }
    
    @techreport{41880,
     author = {Ciprian Chelba and Tomas Mikolov and Mike Schuster and Qi Ge and Thorsten Brants and Phillipp Koehn and Tony Robinson},
     institution = {Google},
     title = {One Billion Word Benchmark for Measuring Progress in Statistical Language Modeling},
     year = {2013}
    }
    
    @inproceedings{Varma:2018:ECT:3184558.3193136,
     acmid = {3193136},
     address = {Republic and Canton of Geneva, Switzerland},
     author = {Varma, Manik},
     booktitle = {Companion Proceedings of the The Web Conference 2018},
     doi = {10.1145/3184558.3193136},
     isbn = {978-1-4503-5640-4},
     keywords = {extreme classification, product recommendation, search advertising, tagging},
     location = {Lyon, France},
     numpages = {1},
     pages = {1897--1897},
     publisher = {International World Wide Web Conferences Steering Committee},
     series = {WWW '18},
     title = {{Extreme Classification: Tagging on Wikipedia, Recommendation on Amazon \& Advertising on Bing}},
     url = {https://doi.org/10.1145/3184558.3193136},
     year = {2018}
    }
    
    @inproceedings{chaturvedi2016modeling,
     author = {Snigdha Chaturvedi and
    Shashank Srivastava and
    Hal Daum{\'{e}} III and
    Chris Dyer},
     bibsource = {dblp computer science bibliography, https://dblp.org},
     biburl = {https://dblp.org/rec/conf/aaai/ChaturvediSDD16.bib},
     booktitle = {Proceedings of the Thirtieth {AAAI} Conference on Artificial Intelligence,
    February 12-17, 2016, Phoenix, Arizona, {USA}},
     editor = {Dale Schuurmans and
    Michael P. Wellman},
     pages = {2704--2710},
     publisher = {{AAAI} Press},
     timestamp = {Thu, 21 Apr 2016 01:00:00 +0200},
     title = {Modeling Evolving Relationships Between Characters in Literary Novels},
     url = {http://www.aaai.org/ocs/index.php/AAAI/AAAI16/paper/view/12408},
     year = {2016}
    }
    
    @inproceedings{iyyer2016feuding,
     address = {San Diego, California},
     author = {Iyyer, Mohit  and
    Guha, Anupam  and
    Chaturvedi, Snigdha  and
    Boyd-Graber, Jordan  and
    Daum{\'e} III, Hal},
     booktitle = {Proceedings of the 2016 Conference of the North {A}merican Chapter of the Association for Computational Linguistics: Human Language Technologies},
     doi = {10.18653/v1/N16-1180},
     pages = {1534--1544},
     publisher = {Association for Computational Linguistics},
     title = {Feuding Families and Former {F}riends: Unsupervised Learning for Dynamic Fictional Relationships},
     url = {https://aclanthology.org/N16-1180},
     year = {2016}
    }
    
    @inproceedings{ratner2017snorkel,
     author = {Ratner, Alexander and Bach, Stephen H and Ehrenberg, Henry and Fries, Jason and Wu, Sen and R{\'e}, Christopher},
     booktitle = {Proceedings of the VLDB Endowment. International Conference on Very Large Data Bases},
     number = {3},
     organization = {NIH Public Access},
     pages = {269},
     title = {Snorkel: Rapid training data creation with weak supervision},
     volume = {11},
     year = {2017}
    }
    
    @article{dawid1979maximum,
     author = {Dawid, Alexander Philip and Skene, Allan M},
     journal = {ArXiv preprint},
     title = {Maximum Likelihood Estimation of Observer Error‐Rates Using the {EM} Algorithm},
     url = {https://arxiv.org/abs/10.2307},
     volume = {abs/10.2307},
     year = {2010}
    }
    
    @inproceedings{whitehill2009whose,
     author = {Jacob Whitehill and
    Paul Ruvolo and
    Tingfan Wu and
    Jacob Bergsma and
    Javier R. Movellan},
     bibsource = {dblp computer science bibliography, https://dblp.org},
     biburl = {https://dblp.org/rec/conf/nips/WhitehillRWBM09.bib},
     booktitle = {Advances in Neural Information Processing Systems 22: 23rd Annual
    Conference on Neural Information Processing Systems 2009. Proceedings
    of a meeting held 7-10 December 2009, Vancouver, British Columbia,
    Canada},
     editor = {Yoshua Bengio and
    Dale Schuurmans and
    John D. Lafferty and
    Christopher K. I. Williams and
    Aron Culotta},
     pages = {2035--2043},
     publisher = {Curran Associates, Inc.},
     timestamp = {Thu, 21 Jan 2021 00:00:00 +0100},
     title = {Whose Vote Should Count More: Optimal Integration of Labels from Labelers
    of Unknown Expertise},
     url = {https://proceedings.neurips.cc/paper/2009/hash/f899139df5e1059396431415e770c6dd-Abstract.html},
     year = {2009}
    }
    
    @inproceedings{kim2012bayesian,
     author = {Hyun-Chul Kim and Zoubin Ghahramani},
     booktitle = {Proceedings of the Fifteenth International Conference on Artificial Intelligence and Statistics},
     pages = {619--627},
     pdf = {http://proceedings.mlr.press/v22/kim12/kim12.pdf},
     title = {Bayesian Classifier Combination},
     url = {http://proceedings.mlr.press/v22/kim12.html},
     year = {2012}
    }
    
    @article{love2017spoken,
     author = {Love, Robbie and Dembry, Claire and Hardie, Andrew and Brezina, Vaclav and McEnery, Tony},
     journal = {International Journal of Corpus Linguistics},
     number = {3},
     pages = {319--344},
     publisher = {John Benjamins},
     title = {The Spoken BNC2014: Designing and building a spoken corpus of everyday conversations},
     volume = {22},
     year = {2017}
    }
    
    @inproceedings{li2018deep,
     address = {Melbourne, Australia},
     author = {Li, Chenliang  and
    Zhou, Wei  and
    Ji, Feng  and
    Duan, Yu  and
    Chen, Haiqing},
     booktitle = {Proceedings of the 56th Annual Meeting of the Association for Computational Linguistics (Volume 1: Long Papers)},
     doi = {10.18653/v1/P18-1214},
     pages = {2300--2310},
     publisher = {Association for Computational Linguistics},
     title = {A Deep Relevance Model for Zero-Shot Document Filtering},
     url = {https://aclanthology.org/P18-1214},
     year = {2018}
    }
    
    @inproceedings{levy2017zero,
     address = {Vancouver, Canada},
     author = {Levy, Omer  and
    Seo, Minjoon  and
    Choi, Eunsol  and
    Zettlemoyer, Luke},
     booktitle = {Proceedings of the 21st Conference on Computational Natural Language Learning ({C}o{NLL} 2017)},
     doi = {10.18653/v1/K17-1034},
     pages = {333--342},
     publisher = {Association for Computational Linguistics},
     title = {Zero-Shot Relation Extraction via Reading Comprehension},
     url = {https://aclanthology.org/K17-1034},
     year = {2017}
    }
    
    @inproceedings{pasupat2014zero,
     address = {Baltimore, Maryland},
     author = {Pasupat, Panupong  and
    Liang, Percy},
     booktitle = {Proceedings of the 52nd Annual Meeting of the Association for Computational Linguistics (Volume 1: Long Papers)},
     doi = {10.3115/v1/P14-1037},
     pages = {391--401},
     publisher = {Association for Computational Linguistics},
     title = {Zero-shot Entity Extraction from Web Pages},
     url = {https://aclanthology.org/P14-1037},
     year = {2014}
    }
    
    @article{dauphin2013zero,
     author = {Dauphin, Yann N and Tur, Gokhan and Hakkani-Tur, Dilek and Heck, Larry},
     journal = {ArXiv preprint},
     title = {Zero-shot learning for semantic utterance classification},
     url = {https://arxiv.org/abs/1401.0509},
     volume = {abs/1401.0509},
     year = {2014}
    }
    
    @inproceedings{ma2016label,
     address = {Osaka, Japan},
     author = {Ma, Yukun  and
    Cambria, Erik  and
    Gao, Sa},
     booktitle = {Proceedings of {COLING} 2016, the 26th International Conference on Computational Linguistics: Technical Papers},
     pages = {171--180},
     publisher = {The COLING 2016 Organizing Committee},
     title = {Label Embedding for Zero-shot Fine-grained Named Entity Typing},
     url = {https://aclanthology.org/C16-1017},
     year = {2016}
    }
    
    @inproceedings{lei2015predicting,
     author = {Lei Jimmy Ba and
    Kevin Swersky and
    Sanja Fidler and
    Ruslan Salakhutdinov},
     bibsource = {dblp computer science bibliography, https://dblp.org},
     biburl = {https://dblp.org/rec/conf/iccv/BaSFS15.bib},
     booktitle = {2015 {IEEE} International Conference on Computer Vision, {ICCV} 2015,
    Santiago, Chile, December 7-13, 2015},
     doi = {10.1109/ICCV.2015.483},
     pages = {4247--4255},
     publisher = {{IEEE} Computer Society},
     timestamp = {Mon, 11 Feb 2019 00:00:00 +0100},
     title = {Predicting Deep Zero-Shot Convolutional Neural Networks Using Textual
    Descriptions},
     url = {https://doi.org/10.1109/ICCV.2015.483},
     year = {2015}
    }
    
    @inproceedings{norouzi2013zero,
     author = {Mohammad Norouzi and
    Tom{\'{a}}s Mikolov and
    Samy Bengio and
    Yoram Singer and
    Jonathon Shlens and
    Andrea Frome and
    Greg Corrado and
    Jeffrey Dean},
     bibsource = {dblp computer science bibliography, https://dblp.org},
     biburl = {https://dblp.org/rec/journals/corr/NorouziMBSSFCD13.bib},
     booktitle = {2nd International Conference on Learning Representations, {ICLR} 2014,
    Banff, AB, Canada, April 14-16, 2014, Conference Track Proceedings},
     editor = {Yoshua Bengio and
    Yann LeCun},
     timestamp = {Mon, 28 Dec 2020 00:00:00 +0100},
     title = {Zero-Shot Learning by Convex Combination of Semantic Embeddings},
     url = {http://arxiv.org/abs/1312.5650},
     year = {2014}
    }
    
    @inproceedings{li2015zero,
     author = {Xirong Li and
    Shuai Liao and
    Weiyu Lan and
    Xiaoyong Du and
    Gang Yang},
     bibsource = {dblp computer science bibliography, https://dblp.org},
     biburl = {https://dblp.org/rec/conf/sigir/LiLLDY15.bib},
     booktitle = {Proceedings of the 38th International {ACM} {SIGIR} Conference on
    Research and Development in Information Retrieval, Santiago, Chile,
    August 9-13, 2015},
     doi = {10.1145/2766462.2767773},
     editor = {Ricardo Baeza{-}Yates and
    Mounia Lalmas and
    Alistair Moffat and
    Berthier A. Ribeiro{-}Neto},
     pages = {879--882},
     publisher = {{ACM}},
     timestamp = {Mon, 24 Feb 2020 00:00:00 +0100},
     title = {Zero-shot Image Tagging by Hierarchical Semantic Embedding},
     url = {https://doi.org/10.1145/2766462.2767773},
     year = {2015}
    }
    
    @inproceedings{frome2013devise,
     author = {Andrea Frome and
    Gregory S. Corrado and
    Jonathon Shlens and
    Samy Bengio and
    Jeffrey Dean and
    Marc'Aurelio Ranzato and
    Tom{\'{a}}s Mikolov},
     bibsource = {dblp computer science bibliography, https://dblp.org},
     biburl = {https://dblp.org/rec/conf/nips/FromeCSBDRM13.bib},
     booktitle = {Advances in Neural Information Processing Systems 26: 27th Annual
    Conference on Neural Information Processing Systems 2013. Proceedings
    of a meeting held December 5-8, 2013, Lake Tahoe, Nevada, United States},
     editor = {Christopher J. C. Burges and
    L{\'{e}}on Bottou and
    Zoubin Ghahramani and
    Kilian Q. Weinberger},
     pages = {2121--2129},
     timestamp = {Thu, 21 Jan 2021 00:00:00 +0100},
     title = {DeViSE: {A} Deep Visual-Semantic Embedding Model},
     url = {https://proceedings.neurips.cc/paper/2013/hash/7cce53cf90577442771720a370c3c723-Abstract.html},
     year = {2013}
    }
    
    @inproceedings{elhoseiny2013write,
     author = {Mohamed Elhoseiny and
    Babak Saleh and
    Ahmed M. Elgammal},
     bibsource = {dblp computer science bibliography, https://dblp.org},
     biburl = {https://dblp.org/rec/conf/iccv/ElhoseinySE13.bib},
     booktitle = {{IEEE} International Conference on Computer Vision, {ICCV} 2013, Sydney,
    Australia, December 1-8, 2013},
     doi = {10.1109/ICCV.2013.321},
     pages = {2584--2591},
     publisher = {{IEEE} Computer Society},
     timestamp = {Wed, 24 May 2017 01:00:00 +0200},
     title = {Write a Classifier: Zero-Shot Learning Using Purely Textual Descriptions},
     url = {https://doi.org/10.1109/ICCV.2013.321},
     year = {2013}
    }
    
    @inproceedings{qiao2016less,
     author = {Ruizhi Qiao and
    Lingqiao Liu and
    Chunhua Shen and
    Anton van den Hengel},
     bibsource = {dblp computer science bibliography, https://dblp.org},
     biburl = {https://dblp.org/rec/conf/cvpr/QiaoLSH16.bib},
     booktitle = {2016 {IEEE} Conference on Computer Vision and Pattern Recognition,
    {CVPR} 2016, Las Vegas, NV, USA, June 27-30, 2016},
     doi = {10.1109/CVPR.2016.247},
     pages = {2249--2257},
     publisher = {{IEEE} Computer Society},
     timestamp = {Thu, 25 May 2017 01:00:00 +0200},
     title = {Less is More: Zero-Shot Learning from Online Textual Documents with
    Noise Suppression},
     url = {https://doi.org/10.1109/CVPR.2016.247},
     year = {2016}
    }
    
    @article{Ratner_2017,
     author = {Ratner, Alexander and Bach, Stephen H. and Ehrenberg, Henry and Fries, Jason and Wu, Sen and Ré, Christopher},
     doi = {10.14778/3157794.3157797},
     issn = {2150-8097},
     journal = {Proceedings of the VLDB Endowment},
     number = {3},
     pages = {269–282},
     publisher = {VLDB Endowment},
     title = {Snorkel},
     url = {http://dx.doi.org/10.14778/3157794.3157797},
     volume = {11},
     year = {2017}
    }
    
    @inproceedings{kalchbrenner2014convolutional,
     address = {Baltimore, Maryland},
     author = {Kalchbrenner, Nal  and
    Grefenstette, Edward  and
    Blunsom, Phil},
     booktitle = {Proceedings of the 52nd Annual Meeting of the Association for Computational Linguistics (Volume 1: Long Papers)},
     doi = {10.3115/v1/P14-1062},
     pages = {655--665},
     publisher = {Association for Computational Linguistics},
     title = {A Convolutional Neural Network for Modelling Sentences},
     url = {https://aclanthology.org/P14-1062},
     year = {2014}
    }
    
    @inproceedings{zhao2016attention,
     author = {Zhao, Zhiwei and Wu, Youzheng},
     booktitle = {INTERSPEECH},
     pages = {705--709},
     title = {Attention-Based Convolutional Neural Networks for Sentence Classification.},
     year = {2016}
    }
    
    @article{yin2016abcnn,
     author = {Yin, Wenpeng  and
    Sch{\"u}tze, Hinrich  and
    Xiang, Bing  and
    Zhou, Bowen},
     doi = {10.1162/tacl_a_00097},
     journal = {Transactions of the Association for Computational Linguistics},
     pages = {259--272},
     title = {{ABCNN}: Attention-Based Convolutional Neural Network for Modeling Sentence Pairs},
     url = {https://aclanthology.org/Q16-1019},
     volume = {4},
     year = {2016}
    }
    
    @inproceedings{luo2019learning,
     author = {Liangchen Luo and
    Wenhao Huang and
    Qi Zeng and
    Zaiqing Nie and
    Xu Sun},
     bibsource = {dblp computer science bibliography, https://dblp.org},
     biburl = {https://dblp.org/rec/conf/aaai/LuoHZN019.bib},
     booktitle = {The Thirty-Third {AAAI} Conference on Artificial Intelligence, {AAAI}
    2019, The Thirty-First Innovative Applications of Artificial Intelligence
    Conference, {IAAI} 2019, The Ninth {AAAI} Symposium on Educational
    Advances in Artificial Intelligence, {EAAI} 2019, Honolulu, Hawaii,
    USA, January 27 - February 1, 2019},
     doi = {10.1609/aaai.v33i01.33016794},
     pages = {6794--6801},
     publisher = {{AAAI} Press},
     timestamp = {Thu, 28 Nov 2019 00:00:00 +0100},
     title = {Learning Personalized End-to-End Goal-Oriented Dialog},
     url = {https://doi.org/10.1609/aaai.v33i01.33016794},
     year = {2019}
    }
    
    @inproceedings{qian2019domain,
      title={Domain Adaptive Dialog Generation via Meta Learning},
      author={Qian, Kun and Yu, Zhou},
      booktitle={Proceedings of the 57th Annual Meeting of the Association for Computational Linguistics},
      pages={2639--2649},
      year={2019}
    }
    
    @article{song2019learning,
     author = {Song, Yiping and Liu, Zequn and Bi, Wei and Yan, Rui and Zhang, Ming},
     journal = {ArXiv preprint},
     title = {Learning to Customize Language Model for Generation-based dialog systems},
     url = {https://arxiv.org/abs/1910.14326},
     volume = {abs/1910.14326},
     year = {2019}
    }
    
    @inproceedings{azab2019representing,
     address = {Hong Kong, China},
     author = {Azab, Mahmoud  and
    Kojima, Noriyuki  and
    Deng, Jia  and
    Mihalcea, Rada},
     booktitle = {Proceedings of the 23rd Conference on Computational Natural Language Learning (CoNLL)},
     doi = {10.18653/v1/K19-1010},
     pages = {99--109},
     publisher = {Association for Computational Linguistics},
     title = {Representing Movie Characters in Dialogues},
     url = {https://aclanthology.org/K19-1010},
     year = {2019}
    }
    
    @inproceedings{Markovikj2013MiningFD,
     author = {Dejan Markovikj and S. Gievska and Michal Kosinski and David Stillwell},
     booktitle = {ICWSM 2013},
     title = {Mining Facebook Data for Predictive Personality Modeling},
     year = {2013}
    }
    
    @inproceedings{shen2017detecting,
     address = {Vancouver, BC},
     author = {Shen, Judy Hanwen  and
    Rudzicz, Frank},
     booktitle = {Proceedings of the Fourth Workshop on Computational Linguistics and Clinical Psychology {---} From Linguistic Signal to Clinical Reality},
     doi = {10.18653/v1/W17-3107},
     pages = {58--65},
     publisher = {Association for Computational Linguistics},
     title = {Detecting Anxiety through {R}eddit},
     url = {https://aclanthology.org/W17-3107},
     year = {2017}
    }
    
    @inproceedings{pennacchiotti2011machine,
     author = {Pennacchiotti, Marco and Popescu, Ana-Maria},
     booktitle = {Fifth International AAAI Conference on Weblogs and Social Media},
     title = {A machine learning approach to twitter user classification},
     year = {2011}
    }
    
    @inproceedings{kapanipathi2014user,
     author = {Kapanipathi, Pavan and Jain, Prateek and Venkataramani, Chitra and Sheth, Amit},
     booktitle = {Proceedings of ESWC'14},
     organization = {Springer},
     pages = {99--113},
     title = {User interests identification on twitter using a hierarchical knowledge base},
     year = {2014}
    }
    
    @inproceedings{forss2014extracting,
     author = {Forss, Thomas and Liu, Shuhua and Bjork, Kaj-Mikael},
     booktitle = {Terminology  and Knowledge Engineering 2014},
     title = {Extracting People's Hobby and Interest Information from Social Media Content},
     year = {2014}
    }
    
    @inproceedings{abel2011analyzing,
     author = {Abel, Fabian and Gao, Qi and Houben, Geert-Jan and Tao, Ke},
     booktitle = {ACM UMAP'11},
     organization = {Springer},
     pages = {1--12},
     title = {Analyzing user modeling on twitter for personalized news recommendations},
     year = {2011}
    }
    
    @article{krishnamurthy2014location,
     author = {Krishnamurthy, Revathy and Kapanipathi, Pavan and Sheth, Amit P and Thirunarayan, Krishnaprasad},
     title = {Location prediction of twitter users using wikipedia},
     year = {2014}
    }
    
    @article{seghouani2019determining,
     author = {Seghouani, Nac{\'e}ra Bennacer and Jipmo, Coriane Nana and Quercini, Gianluca},
     journal = {Information Retrieval Journal},
     number = {1-2},
     pages = {129--158},
     publisher = {Springer},
     title = {Determining the interests of social media users: two approaches},
     volume = {22},
     year = {2019}
    }
    
    @inproceedings{sutton2000policy,
     author = {Sutton, Richard S and McAllester, David A and Singh, Satinder P and Mansour, Yishay},
     booktitle = {Advances in neural information processing systems},
     pages = {1057--1063},
     title = {Policy gradient methods for reinforcement learning with function approximation},
     year = {2000}
    }
    
    @inproceedings{devlin2018bert,
     address = {Minneapolis, Minnesota},
     author = {Devlin, Jacob  and
    Chang, Ming-Wei  and
    Lee, Kenton  and
    Toutanova, Kristina},
     booktitle = {Proceedings of the 2019 Conference of the North {A}merican Chapter of the Association for Computational Linguistics: Human Language Technologies, Volume 1 (Long and Short Papers)},
     doi = {10.18653/v1/N19-1423},
     pages = {4171--4186},
     publisher = {Association for Computational Linguistics},
     title = {{BERT}: Pre-training of Deep Bidirectional Transformers for Language Understanding},
     url = {https://aclanthology.org/N19-1423},
     year = {2019}
    }
    
    @inproceedings{xiong2017end,
     author = {Chenyan Xiong and
    Zhuyun Dai and
    Jamie Callan and
    Zhiyuan Liu and
    Russell Power},
     bibsource = {dblp computer science bibliography, https://dblp.org},
     biburl = {https://dblp.org/rec/conf/sigir/XiongDCLP17.bib},
     booktitle = {Proceedings of the 40th International {ACM} {SIGIR} Conference on
    Research and Development in Information Retrieval, Shinjuku, Tokyo,
    Japan, August 7-11, 2017},
     doi = {10.1145/3077136.3080809},
     editor = {Noriko Kando and
    Tetsuya Sakai and
    Hideo Joho and
    Hang Li and
    Arjen P. de Vries and
    Ryen W. White},
     pages = {55--64},
     publisher = {{ACM}},
     timestamp = {Tue, 06 Nov 2018 00:00:00 +0100},
     title = {End-to-End Neural Ad-hoc Ranking with Kernel Pooling},
     url = {https://doi.org/10.1145/3077136.3080809},
     year = {2017}
    }
    
    @article{ba2016layer,
     author = {Ba, Jimmy Lei and Kiros, Jamie Ryan and Hinton, Geoffrey E},
     journal = {ArXiv preprint},
     title = {Layer normalization},
     url = {https://arxiv.org/abs/1607.06450},
     volume = {abs/1607.06450},
     year = {2016}
    }
    
    @inproceedings{he2016deep,
     author = {Kaiming He and
    Xiangyu Zhang and
    Shaoqing Ren and
    Jian Sun},
     bibsource = {dblp computer science bibliography, https://dblp.org},
     biburl = {https://dblp.org/rec/conf/cvpr/HeZRS16.bib},
     booktitle = {2016 {IEEE} Conference on Computer Vision and Pattern Recognition,
    {CVPR} 2016, Las Vegas, NV, USA, June 27-30, 2016},
     doi = {10.1109/CVPR.2016.90},
     pages = {770--778},
     publisher = {{IEEE} Computer Society},
     timestamp = {Wed, 17 Apr 2019 01:00:00 +0200},
     title = {Deep Residual Learning for Image Recognition},
     url = {https://doi.org/10.1109/CVPR.2016.90},
     year = {2016}
    }
    
    @inproceedings{Yen:2019:PKB:3331184.3331209,
     author = {An{-}Zi Yen and
    Hen{-}Hsen Huang and
    Hsin{-}Hsi Chen},
     bibsource = {dblp computer science bibliography, https://dblp.org},
     biburl = {https://dblp.org/rec/conf/sigir/YenHC19.bib},
     booktitle = {Proceedings of the 42nd International {ACM} {SIGIR} Conference on
    Research and Development in Information Retrieval, {SIGIR} 2019, Paris,
    France, July 21-25, 2019},
     doi = {10.1145/3331184.3331209},
     editor = {Benjamin Piwowarski and
    Max Chevalier and
    {\'{E}}ric Gaussier and
    Yoelle Maarek and
    Jian{-}Yun Nie and
    Falk Scholer},
     pages = {185--194},
     publisher = {{ACM}},
     timestamp = {Sun, 21 Jul 2019 01:00:00 +0200},
     title = {Personal Knowledge Base Construction from Text-based Lifelogs},
     url = {https://doi.org/10.1145/3331184.3331209},
     year = {2019}
    }
    
    @article{robertson1995okapi,
     author = {Robertson, Stephen E and Walker, Steve and Jones, Susan and Hancock-Beaulieu, Micheline M and Gatford, Mike and others},
     journal = {Nist Special Publication Sp},
     publisher = {NATIONAL INSTIUTE OF STANDARDS \& TECHNOLOGY},
     title = {Okapi at TREC-3},
     volume = {109},
     year = {1995}
    }
    
    @inproceedings{tigunova:ham:2019,
     author = {Anna Tigunova and
    Andrew Yates and
    Paramita Mirza and
    Gerhard Weikum},
     bibsource = {dblp computer science bibliography, https://dblp.org},
     biburl = {https://dblp.org/rec/conf/www/TigunovaYMW19.bib},
     booktitle = {The World Wide Web Conference, {WWW} 2019, San Francisco, CA, USA,
    May 13-17, 2019},
     doi = {10.1145/3308558.3313498},
     editor = {Ling Liu and
    Ryen W. White and
    Amin Mantrach and
    Fabrizio Silvestri and
    Julian J. McAuley and
    Ricardo Baeza{-}Yates and
    Leila Zia},
     pages = {1818--1828},
     publisher = {{ACM}},
     timestamp = {Thu, 16 May 2019 01:00:00 +0200},
     title = {Listening between the Lines: Learning Personal Attributes from Conversations},
     url = {https://doi.org/10.1145/3308558.3313498},
     year = {2019}
    }
    
    @inproceedings{chaturvedi2017unsupervised,
     author = {Snigdha Chaturvedi and
    Mohit Iyyer and
    Hal Daum{\'{e}} III},
     bibsource = {dblp computer science bibliography, https://dblp.org},
     biburl = {https://dblp.org/rec/conf/aaai/ChaturvediID17.bib},
     booktitle = {Proceedings of the Thirty-First {AAAI} Conference on Artificial Intelligence,
    February 4-9, 2017, San Francisco, California, {USA}},
     editor = {Satinder P. Singh and
    Shaul Markovitch},
     pages = {3159--3165},
     publisher = {{AAAI} Press},
     timestamp = {Mon, 06 Mar 2017 00:00:00 +0100},
     title = {Unsupervised Learning of Evolving Relationships Between Literary Characters},
     url = {http://aaai.org/ocs/index.php/AAAI/AAAI17/paper/view/14564},
     year = {2017}
    }
    
    @article{Robertson:2009:PRF:1704809.1704810,
     address = {Hanover, MA, USA},
     author = {Robertson, Stephen and Zaragoza, Hugo},
     issn = {1554-0669},
     journal = {Found. Trends Inf. Retr.},
     number = {4},
     pages = {333--389},
     publisher = {Now Publishers Inc.},
     title = {The Probabilistic Relevance Framework: BM25 and Beyond},
     volume = {3},
     year = {2009}
    }
    
    @inproceedings{mihalcea2004textrank,
     address = {Barcelona, Spain},
     author = {Mihalcea, Rada  and
    Tarau, Paul},
     booktitle = {Proceedings of the 2004 Conference on Empirical Methods in Natural Language Processing},
     pages = {404--411},
     publisher = {Association for Computational Linguistics},
     title = {{T}ext{R}ank: Bringing Order into Text},
     url = {https://aclanthology.org/W04-3252},
     year = {2004}
    }
    
    @article{rose2010automatic,
     author = {Rose, Stuart and Engel, Dave and Cramer, Nick and Cowley, Wendy},
     journal = {Text mining: applications and theory},
     pages = {1--20},
     publisher = {Wiley, New York.< author},
     title = {Automatic keyword extraction from individual documents},
     volume = {1},
     year = {2010}
    }
    
    @incollection{raghuram2016efficient,
     author = {Raghuram, Mandyam Annasamy and Akshay, K and Chandrasekaran, K},
     booktitle = {Intelligent systems technologies and applications},
     pages = {399--411},
     publisher = {Springer},
     title = {Efficient user profiling in twitter social network using traditional classifiers},
     year = {2016}
    }
    
    @inproceedings{weng2010twitterrank,
     author = {Jianshu Weng and
    Ee{-}Peng Lim and
    Jing Jiang and
    Qi He},
     bibsource = {dblp computer science bibliography, https://dblp.org},
     biburl = {https://dblp.org/rec/conf/wsdm/WengLJH10.bib},
     booktitle = {Proceedings of the Third International Conference on Web Search and
    Web Data Mining, {WSDM} 2010, New York, NY, USA, February 4-6, 2010},
     doi = {10.1145/1718487.1718520},
     editor = {Brian D. Davison and
    Torsten Suel and
    Nick Craswell and
    Bing Liu},
     pages = {261--270},
     publisher = {{ACM}},
     timestamp = {Tue, 12 Feb 2019 00:00:00 +0100},
     title = {TwitterRank: finding topic-sensitive influential twitterers},
     url = {https://doi.org/10.1145/1718487.1718520},
     year = {2010}
    }
    
    @inproceedings{michelson2010discovering,
     author = {Michelson, Matthew and Macskassy, Sofus A},
     booktitle = {Proceedings of the fourth workshop on Analytics for noisy unstructured text data},
     pages = {73--80},
     title = {Discovering users' topics of interest on twitter: a first look},
     year = {2010}
    }
    
    @article{piao2018inferring,
     author = {Piao, Guangyuan and Breslin, John G},
     journal = {User Modeling and User-Adapted Interaction},
     number = {3},
     pages = {277--329},
     publisher = {Springer},
     title = {Inferring user interests in microblogging social networks: a survey},
     volume = {28},
     year = {2018}
    }
    
    @article{bontcheva2014making,
     author = {Bontcheva, Kalina and Rout, Dominic},
     journal = {Semantic Web},
     number = {5},
     pages = {373--403},
     publisher = {IOS Press},
     title = {Making sense of social media streams through semantics: a survey},
     volume = {5},
     year = {2014}
    }
    
    @inproceedings{katerenchuk2014your,
     author = {Katerenchuk, Denys and Brizan, David Guy and Rosenberg, Andrew},
     booktitle = {Fifteenth Annual Conference of the International Speech Communication Association},
     title = {“Was that your mother on the phone?”: Classifying Interpersonal Relationships between Dialog Participants with Lexical and Acoustic Properties},
     year = {2014}
    }
    
    @article{li2019improving,
     author = {Li, Yumeng and Yang, Liang and Xu, Bo and Wang, Jian and Lin, Hongfei},
     journal = {Cognitive Computation},
     number = {4},
     pages = {459--468},
     publisher = {Springer},
     title = {Improving user attribute classification with text and social network attention},
     volume = {11},
     year = {2019}
    }
    
    @inproceedings{li2014weakly,
     address = {Baltimore, Maryland},
     author = {Li, Jiwei  and
    Ritter, Alan  and
    Hovy, Eduard},
     booktitle = {Proceedings of the 52nd Annual Meeting of the Association for Computational Linguistics (Volume 1: Long Papers)},
     doi = {10.3115/v1/P14-1016},
     pages = {165--174},
     publisher = {Association for Computational Linguistics},
     title = {Weakly Supervised User Profile Extraction from {T}witter},
     url = {https://aclanthology.org/P14-1016},
     year = {2014}
    }
    
    @inproceedings{wu2019getting,
     address = {Marseille, France},
     author = {Wu, Chien-Sheng  and
    Madotto, Andrea  and
    Lin, Zhaojiang  and
    Xu, Peng  and
    Fung, Pascale},
     booktitle = {Proceedings of the 12th Language Resources and Evaluation Conference},
     isbn = {979-10-95546-34-4},
     language = {English},
     pages = {581--589},
     publisher = {European Language Resources Association},
     title = {Getting To Know You: User Attribute Extraction from Dialogues},
     url = {https://aclanthology.org/2020.lrec-1.73},
     year = {2020}
    }
    
    @inproceedings{lynn2020hierarchical,
     address = {Online},
     author = {Lynn, Veronica  and
    Balasubramanian, Niranjan  and
    Schwartz, H. Andrew},
     booktitle = {Proceedings of the 58th Annual Meeting of the Association for Computational Linguistics},
     doi = {10.18653/v1/2020.acl-main.472},
     pages = {5306--5316},
     publisher = {Association for Computational Linguistics},
     title = {Hierarchical Modeling for User Personality Prediction: The Role of Message-Level Attention},
     url = {https://aclanthology.org/2020.acl-main.472},
     year = {2020}
    }
    
    @article{feng2019attention,
     author = {Feng, Shi and Wang, Yang and Liu, Liran and Wang, Daling and Yu, Ge},
     journal = {World Wide Web},
     number = {1},
     pages = {59--81},
     publisher = {Springer},
     title = {Attention based hierarchical LSTM network for context-aware microblog sentiment classification},
     url = {https://link.springer.com/article/10.1007/s11280-018-0529-6},
     volume = {22},
     year = {2019}
    }
    
    @inproceedings{lei2019bert,
     author = {Lei, Jiahuan
    and Zhang, Qing
    and Wang, Jinshan
    and Luo, Hengliang},
     booktitle = {Neural Information Processing},
     editor = {Gedeon, Tom
    and Wong, Kok Wai
    and Lee, Minho},
     pages = {376--386},
     series = {ICONIP'19},
     title = {{BERT} Based Hierarchical Sequence Classification for Context-Aware Microblog Sentiment Analysis},
     url = {https://link.springer.com/chapter/10.1007%2F978-3-030-36718-3_32},
     year = {2019}
    }
    
    @article{ma2020han,
     author = {Ma, Hui and Wang, Jian and Qian, Lingfei and Lin, Hongfei},
     journal = {Neural Computing and Applications},
     pages = {2685--2703},
     publisher = {Springer},
     title = {{HAN-ReGRU}: Hierarchical attention network with residual gated recurrent unit for emotion recognition in conversation},
     url = {https://link.springer.com/article/10.1007%2Fs00521-020-05063-7},
     volume = {33},
     year = {2020}
    }
    
    @inproceedings{lu2020improving,
     author = {Junyu Lu and
    Xiancong Ren and
    Yazhou Ren and
    Ao Liu and
    Zenglin Xu},
     bibsource = {dblp computer science bibliography, https://dblp.org},
     biburl = {https://dblp.org/rec/conf/sigir/LuR0LX20.bib},
     booktitle = {Proceedings of the 43rd International {ACM} {SIGIR} conference on
    research and development in Information Retrieval, {SIGIR} 2020, Virtual
    Event, China, July 25-30, 2020},
     doi = {10.1145/3397271.3401255},
     editor = {Jimmy Huang and
    Yi Chang and
    Xueqi Cheng and
    Jaap Kamps and
    Vanessa Murdock and
    Ji{-}Rong Wen and
    Yiqun Liu},
     pages = {1805--1808},
     publisher = {{ACM}},
     timestamp = {Mon, 27 Jul 2020 01:00:00 +0200},
     title = {Improving Contextual Language Models for Response Retrieval in Multi-Turn
    Conversation},
     url = {https://doi.org/10.1145/3397271.3401255},
     year = {2020}
    }
    
    @inproceedings{gu2020speaker,
     author = {Jia{-}Chen Gu and
    Tianda Li and
    Quan Liu and
    Zhen{-}Hua Ling and
    Zhiming Su and
    Si Wei and
    Xiaodan Zhu},
     bibsource = {dblp computer science bibliography, https://dblp.org},
     biburl = {https://dblp.org/rec/conf/cikm/GuLLLSWZ20.bib},
     booktitle = {{CIKM} '20: The 29th {ACM} International Conference on Information
    and Knowledge Management, Virtual Event, Ireland, October 19-23, 2020},
     doi = {10.1145/3340531.3412330},
     editor = {Mathieu d'Aquin and
    Stefan Dietze and
    Claudia Hauff and
    Edward Curry and
    Philippe Cudr{\'{e}}{-}Mauroux},
     pages = {2041--2044},
     publisher = {{ACM}},
     timestamp = {Mon, 19 Oct 2020 01:00:00 +0200},
     title = {Speaker-Aware {BERT} for Multi-Turn Response Selection in Retrieval-Based
    Chatbots},
     url = {https://doi.org/10.1145/3340531.3412330},
     year = {2020}
    }
    
    @inproceedings{yu2020dialogue,
     address = {Online},
     author = {Yu, Dian  and
    Sun, Kai  and
    Cardie, Claire  and
    Yu, Dong},
     booktitle = {Proceedings of the 58th Annual Meeting of the Association for Computational Linguistics},
     doi = {10.18653/v1/2020.acl-main.444},
     pages = {4927--4940},
     publisher = {Association for Computational Linguistics},
     title = {Dialogue-Based Relation Extraction},
     url = {https://aclanthology.org/2020.acl-main.444},
     year = {2020}
    }
    
    @article{li2020parade,
     author = {Li, Canjia and Yates, Andrew and MacAvaney, Sean and He, Ben and Sun, Yingfei},
     journal = {ArXiv preprint},
     title = {PARADE: Passage representation aggregation for document reranking},
     url = {https://arxiv.org/abs/2008.09093},
     volume = {abs/2008.09093},
     year = {2020}
    }
    
    @article{huang2019emotionx,
     author = {Huang, Yen-Hao and Lee, Ssu-Rui and Ma, Mau-Yun and Chen, Yi-Hsin and Yu, Ya-Wen and Chen, Yi-Shin},
     journal = {ArXiv preprint},
     title = {{EmotionX-IDEA}: {Emotion BERT}--an Affectional Model for Conversation},
     url = {https://arxiv.org/abs/1908.06264},
     volume = {abs/1908.06264},
     year = {2019}
    }
    
    @inproceedings{chen2018emotionlines,
     address = {Miyazaki, Japan},
     author = {Hsu, Chao-Chun  and
    Chen, Sheng-Yeh  and
    Kuo, Chuan-Chun  and
    Huang, Ting-Hao  and
    Ku, Lun-Wei},
     booktitle = {Proceedings of the Eleventh International Conference on Language Resources and Evaluation ({LREC} 2018)},
     publisher = {European Language Resources Association (ELRA)},
     title = {{E}motion{L}ines: An Emotion Corpus of Multi-Party Conversations},
     url = {https://aclanthology.org/L18-1252},
     year = {2018}
    }
    
    @article{li2020hierarchical,
     article-number = {4447},
     author = {Li, Qingbiao and Wu, Chunhua and Wang, Zhe and Zheng, Kangfeng},
     journal = {Applied Sciences},
     number = {13},
     title = {Hierarchical Transformer Network for Utterance-Level Emotion Recognition},
     url = {https://www.mdpi.com/2076-3417/10/13/4447},
     volume = {10},
     year = {2020}
    }
    
    @inproceedings{hung2013evaluation,
     author = {Hung, Nguyen Quoc Viet and Tam, Nguyen Thanh and Tran, Lam Ngoc and Aberer, Karl},
     booktitle = {International Conference on Web Information Systems Engineering},
     organization = {Springer},
     pages = {1--15},
     title = {An evaluation of aggregation techniques in crowdsourcing},
     year = {2013}
    }
    
    @article{zheng2017truth,
     author = {Zheng, Yudian and Li, Guoliang and Li, Yuanbing and Shan, Caihua and Cheng, Reynold},
     journal = {Proceedings of the VLDB Endowment},
     number = {5},
     pages = {541--552},
     publisher = {VLDB Endowment},
     title = {Truth inference in crowdsourcing: Is the problem solved?},
     volume = {10},
     year = {2017}
    }
    
    @inproceedings{li2017dailydialog,
     address = {Taipei, Taiwan},
     author = {Li, Yanran  and
    Su, Hui  and
    Shen, Xiaoyu  and
    Li, Wenjie  and
    Cao, Ziqiang  and
    Niu, Shuzi},
     booktitle = {Proceedings of the Eighth International Joint Conference on Natural Language Processing (Volume 1: Long Papers)},
     pages = {986--995},
     publisher = {Asian Federation of Natural Language Processing},
     title = {{D}aily{D}ialog: A Manually Labelled Multi-turn Dialogue Dataset},
     url = {https://aclanthology.org/I17-1099},
     year = {2017}
    }
    
    @inproceedings{nalisnick2013character,
     address = {Sofia, Bulgaria},
     author = {Nalisnick, Eric T.  and
    Baird, Henry S.},
     booktitle = {Proceedings of the 51st Annual Meeting of the Association for Computational Linguistics (Volume 2: Short Papers)},
     pages = {479--483},
     publisher = {Association for Computational Linguistics},
     title = {Character-to-Character Sentiment Analysis in Shakespeare{'}s Plays},
     url = {https://aclanthology.org/P13-2085},
     year = {2013}
    }
    
    @inproceedings{kim2019frowning,
     address = {Minneapolis, Minnesota},
     author = {Kim, Evgeny  and
    Klinger, Roman},
     booktitle = {Proceedings of the 2019 Conference of the North {A}merican Chapter of the Association for Computational Linguistics: Human Language Technologies, Volume 1 (Long and Short Papers)},
     doi = {10.18653/v1/N19-1067},
     pages = {647--653},
     publisher = {Association for Computational Linguistics},
     title = {Frowning {F}rodo, Wincing {L}eia, and a Seriously Great Friendship: Learning to Classify Emotional Relationships of Fictional Characters},
     url = {https://aclanthology.org/N19-1067},
     year = {2019}
    }
    
    @article{gil2011extraction,
     author = {Gil, Sebastian and Kuenzel, Laney and Caroline, Suen},
     journal = {Retrieved June},
     pages = {2016},
     title = {Extraction and analysis of character interaction networks from plays and movies},
     volume = {15},
     year = {2011}
    }
    
    @article{serban2015hierarchical,
     author = {Serban, Iulian V and Sordoni, Alessandro and Bengio, Yoshua and Courville, Aaron and Pineau, Joelle},
     journal = {ArXiv preprint},
     title = {Hierarchical neural network generative models for movie dialogues},
     url = {https://arxiv.org/abs/1507.04808},
     volume = {abs/1507.04808},
     year = {2015}
    }
    
    @inproceedings{devlin2019bert,
     address = {Minneapolis, Minnesota},
     author = {Devlin, Jacob  and
    Chang, Ming-Wei  and
    Lee, Kenton  and
    Toutanova, Kristina},
     booktitle = {Proceedings of the 2019 Conference of the North {A}merican Chapter of the Association for Computational Linguistics: Human Language Technologies, Volume 1 (Long and Short Papers)},
     doi = {10.18653/v1/N19-1423},
     pages = {4171--4186},
     publisher = {Association for Computational Linguistics},
     title = {{BERT}: Pre-training of Deep Bidirectional Transformers for Language Understanding},
     url = {https://aclanthology.org/N19-1423},
     year = {2019}
    }
    
    @article{wish1976perceived,
     author = {Wish, Myron and Deutsch, Morton and Kaplan, Susan J},
     journal = {Journal of Personality and social Psychology},
     number = {4},
     pages = {409--420},
     publisher = {American Psychological Association},
     title = {Perceived dimensions of interpersonal relations.},
     url = {https://www.sciencedirect.com/science/article/pii/B9780080237190500176},
     volume = {33},
     year = {1976}
    }
    
    @inproceedings{rashid2018characterizing,
     address = {Brussels, Belgium},
     author = {Rashid, Farzana  and
    Blanco, Eduardo},
     booktitle = {Proceedings of the 2018 Conference on Empirical Methods in Natural Language Processing},
     doi = {10.18653/v1/D18-1470},
     pages = {4395--4404},
     publisher = {Association for Computational Linguistics},
     title = {Characterizing Interactions and Relationships between People},
     url = {https://aclanthology.org/D18-1470},
     year = {2018}
    }
    
    @article{chu2005gaussian,
     author = {Chu, Wei and Ghahramani, Zoubin and Williams, Christopher KI},
     journal = {Journal of machine learning research},
     number = {7},
     title = {Gaussian processes for ordinal regression.},
     volume = {6},
     year = {2005}
    }
    
    @article{cox1958regression,
     author = {Cox, David R},
     journal = {Journal of the Royal Statistical Society: Series B (Methodological)},
     number = {2},
     pages = {215--232},
     publisher = {Wiley Online Library},
     title = {The regression analysis of binary sequences},
     volume = {20},
     year = {1958}
    }
    
    @book{mccullagh2019generalized,
     author = {McCullagh, Peter and Nelder, John A},
     publisher = {Routledge},
     title = {Generalized linear models},
     year = {2019}
    }
    
    @article{cortes1995support,
     author = {Cortes, Corinna and Vapnik, Vladimir},
     journal = {Machine learning},
     number = {3},
     pages = {273--297},
     publisher = {Springer},
     title = {Support-vector networks},
     volume = {20},
     year = {1995}
    }
    
    @inproceedings{shan2020contextual,
     address = {Online},
     author = {Shan, Yong  and
    Li, Zekang  and
    Zhang, Jinchao  and
    Meng, Fandong  and
    Feng, Yang  and
    Niu, Cheng  and
    Zhou, Jie},
     booktitle = {Proceedings of the 58th Annual Meeting of the Association for Computational Linguistics},
     doi = {10.18653/v1/2020.acl-main.563},
     pages = {6322--6333},
     publisher = {Association for Computational Linguistics},
     title = {A Contextual Hierarchical Attention Network with Adaptive Objective for Dialogue State Tracking},
     url = {https://aclanthology.org/2020.acl-main.563},
     year = {2020}
    }
    
    @article{ma2021han,
     author = {Ma, Hui and Wang, Jian and Qian, Lingfei and Lin, Hongfei},
     journal = {Neural Computing and Applications},
     number = {7},
     pages = {2685--2703},
     publisher = {Springer},
     title = {HAN-ReGRU: hierarchical attention network with residual gated recurrent unit for emotion recognition in conversation},
     volume = {33},
     year = {2021}
    }
    
    @inproceedings{zhang2019recosa,
     address = {Florence, Italy},
     author = {Zhang, Hainan  and
    Lan, Yanyan  and
    Pang, Liang  and
    Guo, Jiafeng  and
    Cheng, Xueqi},
     booktitle = {Proceedings of the 57th Annual Meeting of the Association for Computational Linguistics},
     doi = {10.18653/v1/P19-1362},
     pages = {3721--3730},
     publisher = {Association for Computational Linguistics},
     title = {{R}e{C}o{S}a: Detecting the Relevant Contexts with Self-Attention for Multi-turn Dialogue Generation},
     url = {https://aclanthology.org/P19-1362},
     year = {2019}
    }
    
    @inproceedings{serban2016building,
     author = {Iulian Vlad Serban and
    Alessandro Sordoni and
    Yoshua Bengio and
    Aaron C. Courville and
    Joelle Pineau},
     bibsource = {dblp computer science bibliography, https://dblp.org},
     biburl = {https://dblp.org/rec/conf/aaai/SerbanSBCP16.bib},
     booktitle = {Proceedings of the Thirtieth {AAAI} Conference on Artificial Intelligence,
    February 12-17, 2016, Phoenix, Arizona, {USA}},
     editor = {Dale Schuurmans and
    Michael P. Wellman},
     pages = {3776--3784},
     publisher = {{AAAI} Press},
     timestamp = {Thu, 21 Apr 2016 01:00:00 +0200},
     title = {Building End-To-End Dialogue Systems Using Generative Hierarchical
    Neural Network Models},
     url = {http://www.aaai.org/ocs/index.php/AAAI/AAAI16/paper/view/11957},
     year = {2016}
    }
    
    @article{qamar2021relationship,
     author = {Qamar, Saira and Mujtaba, Hasan and Majeed, Hammad and Beg, Mirza Omer},
     journal = {Cognitive Computation},
     pages = {673--687},
     publisher = {Springer},
     title = {Relationship identification between conversational agents using emotion analysis},
     url = {https://link.springer.com/article/10.1007/s12559-020-09806-5},
     volume = {13},
     year = {2021}
    }
    
    @article{mikolov2013efficient,
     author = {Mikolov, Tomas and Chen, Kai and Corrado, Greg and Dean, Jeffrey},
     journal = {ArXiv preprint},
     title = {Efficient estimation of word representations in vector space},
     url = {https://arxiv.org/abs/1301.3781},
     volume = {abs/1301.3781},
     year = {2013}
    }
    
    @article{lecun1989backpropagation,
     author = {LeCun, Yann and Boser, Bernhard and Denker, John S and Henderson, Donnie and Howard, Richard E and Hubbard, Wayne and Jackel, Lawrence D},
     journal = {Neural computation},
     number = {4},
     pages = {541--551},
     publisher = {MIT Press},
     title = {Backpropagation applied to handwritten zip code recognition},
     volume = {1},
     year = {1989}
    }
    
    @inproceedings{cieri2004fisher,
     address = {Lisbon, Portugal},
     author = {Cieri, Christopher  and
    Miller, David  and
    Walker, Kevin},
     booktitle = {Proceedings of the Fourth International Conference on Language Resources and Evaluation ({LREC}{'}04)},
     publisher = {European Language Resources Association (ELRA)},
     title = {The Fisher Corpus: a Resource for the Next Generations of Speech-to-Text},
     url = {http://www.lrec-conf.org/proceedings/lrec2004/pdf/767.pdf},
     year = {2004}
    }
    
    @inproceedings{bordes2016learning,
     author = {Antoine Bordes and
    Y{-}Lan Boureau and
    Jason Weston},
     bibsource = {dblp computer science bibliography, https://dblp.org},
     biburl = {https://dblp.org/rec/conf/iclr/BordesBW17.bib},
     booktitle = {5th International Conference on Learning Representations, {ICLR} 2017,
    Toulon, France, April 24-26, 2017, Conference Track Proceedings},
     publisher = {OpenReview.net},
     timestamp = {Tue, 23 Jul 2019 01:00:00 +0200},
     title = {Learning End-to-End Goal-Oriented Dialog},
     url = {https://openreview.net/forum?id=S1Bb3D5gg},
     year = {2017}
    }
    
    @article{fleiss1971measuring,
     author = {Fleiss, Joseph L},
     journal = {Psychological bulletin},
     number = {5},
     pages = {378},
     publisher = {American Psychological Association},
     title = {Measuring nominal scale agreement among many raters.},
     volume = {76},
     year = {1971}
    }
    
    @inproceedings{liu2021filling,
     author = {Liu, Longxiang and Zhang, Zhuosheng and Zhao, Hai and Zhou, Xi and Zhou, Xiang},
     booktitle = {The Thirty-Fifth AAAI Conference on Artificial Intelligence (AAAI-21)},
     title = {Filling the Gap of Utterance-aware and Speaker-aware Representation for Multi-turn Dialogue},
     year = {2021}
    }
    
    @inproceedings{le2019speaking,
     address = {Hong Kong, China},
     author = {Le, Ran  and
    Hu, Wenpeng  and
    Shang, Mingyue  and
    You, Zhenjun  and
    Bing, Lidong  and
    Zhao, Dongyan  and
    Yan, Rui},
     booktitle = {Proceedings of the 2019 Conference on Empirical Methods in Natural Language Processing and the 9th International Joint Conference on Natural Language Processing (EMNLP-IJCNLP)},
     doi = {10.18653/v1/D19-1199},
     pages = {1909--1919},
     publisher = {Association for Computational Linguistics},
     title = {Who Is Speaking to Whom? Learning to Identify Utterance Addressee in Multi-Party Conversations},
     url = {https://aclanthology.org/D19-1199},
     year = {2019}
    }
    
    @inproceedings{ouchi2016addressee,
     address = {Austin, Texas},
     author = {Ouchi, Hiroki  and
    Tsuboi, Yuta},
     booktitle = {Proceedings of the 2016 Conference on Empirical Methods in Natural Language Processing},
     doi = {10.18653/v1/D16-1231},
     pages = {2133--2143},
     publisher = {Association for Computational Linguistics},
     title = {Addressee and Response Selection for Multi-Party Conversation},
     url = {https://aclanthology.org/D16-1231},
     year = {2016}
    }
    
    @inproceedings{hu2019gsn,
     author = {Wenpeng Hu and
    Zhangming Chan and
    Bing Liu and
    Dongyan Zhao and
    Jinwen Ma and
    Rui Yan},
     bibsource = {dblp computer science bibliography, https://dblp.org},
     biburl = {https://dblp.org/rec/conf/ijcai/HuCL0MY19.bib},
     booktitle = {Proceedings of the Twenty-Eighth International Joint Conference on
    Artificial Intelligence, {IJCAI} 2019, Macao, China, August 10-16,
    2019},
     doi = {10.24963/ijcai.2019/696},
     editor = {Sarit Kraus},
     pages = {5010--5016},
     publisher = {ijcai.org},
     timestamp = {Wed, 08 Jan 2020 00:00:00 +0100},
     title = {{GSN:} {A} Graph-Structured Network for Multi-Party Dialogues},
     url = {https://doi.org/10.24963/ijcai.2019/696},
     year = {2019}
    }
    
    @inproceedings{ghosal2019dialoguegcn,
     address = {Hong Kong, China},
     author = {Ghosal, Deepanway  and
    Majumder, Navonil  and
    Poria, Soujanya  and
    Chhaya, Niyati  and
    Gelbukh, Alexander},
     booktitle = {Proceedings of the 2019 Conference on Empirical Methods in Natural Language Processing and the 9th International Joint Conference on Natural Language Processing (EMNLP-IJCNLP)},
     doi = {10.18653/v1/D19-1015},
     pages = {154--164},
     publisher = {Association for Computational Linguistics},
     title = {{D}ialogue{GCN}: A Graph Convolutional Neural Network for Emotion Recognition in Conversation},
     url = {https://aclanthology.org/D19-1015},
     year = {2019}
    }
    
    @inproceedings{zhang2019modeling,
     author = {Dong Zhang and
    Liangqing Wu and
    Changlong Sun and
    Shoushan Li and
    Qiaoming Zhu and
    Guodong Zhou},
     bibsource = {dblp computer science bibliography, https://dblp.org},
     biburl = {https://dblp.org/rec/conf/ijcai/ZhangWSLZZ19.bib},
     booktitle = {Proceedings of the Twenty-Eighth International Joint Conference on
    Artificial Intelligence, {IJCAI} 2019, Macao, China, August 10-16,
    2019},
     doi = {10.24963/ijcai.2019/752},
     editor = {Sarit Kraus},
     pages = {5415--5421},
     publisher = {ijcai.org},
     timestamp = {Tue, 20 Aug 2019 01:00:00 +0200},
     title = {Modeling both Context- and Speaker-Sensitive Dependence for Emotion
    Detection in Multi-speaker Conversations},
     url = {https://doi.org/10.24963/ijcai.2019/752},
     year = {2019}
    }
    
    @inproceedings{rashid2017dimensions,
     address = {Copenhagen, Denmark},
     author = {Rashid, Farzana  and
    Blanco, Eduardo},
     booktitle = {Proceedings of the 2017 Conference on Empirical Methods in Natural Language Processing},
     doi = {10.18653/v1/D17-1244},
     pages = {2307--2316},
     publisher = {Association for Computational Linguistics},
     title = {Dimensions of Interpersonal Relationships: Corpus and Experiments},
     url = {https://aclanthology.org/D17-1244},
     year = {2017}
    }
    
    @inproceedings{prabhakaran2014predicting,
     address = {Baltimore, Maryland},
     author = {Prabhakaran, Vinodkumar  and
    Rambow, Owen},
     booktitle = {Proceedings of the 52nd Annual Meeting of the Association for Computational Linguistics (Volume 2: Short Papers)},
     doi = {10.3115/v1/P14-2056},
     pages = {339--344},
     publisher = {Association for Computational Linguistics},
     title = {Predicting Power Relations between Participants in Written Dialog from a Single Thread},
     url = {https://aclanthology.org/P14-2056},
     year = {2014}
    }
    
    @inproceedings{mazare2018training,
     address = {Brussels, Belgium},
     author = {Mazar{\'e}, Pierre-Emmanuel  and
    Humeau, Samuel  and
    Raison, Martin  and
    Bordes, Antoine},
     booktitle = {Proceedings of the 2018 Conference on Empirical Methods in Natural Language Processing},
     doi = {10.18653/v1/D18-1298},
     pages = {2775--2779},
     publisher = {Association for Computational Linguistics},
     title = {Training Millions of Personalized Dialogue Agents},
     url = {https://aclanthology.org/D18-1298},
     year = {2018}
    }
    
    @inproceedings{gu2021mpc,
     address = {Online},
     author = {Gu, Jia-Chen  and
    Tao, Chongyang  and
    Ling, Zhenhua  and
    Xu, Can  and
    Geng, Xiubo  and
    Jiang, Daxin},
     booktitle = {Proceedings of the 59th Annual Meeting of the Association for Computational Linguistics and the 11th International Joint Conference on Natural Language Processing (Volume 1: Long Papers)},
     doi = {10.18653/v1/2021.acl-long.285},
     pages = {3682--3692},
     publisher = {Association for Computational Linguistics},
     title = {{MPC}-{BERT}: A Pre-Trained Language Model for Multi-Party Conversation Understanding},
     url = {https://aclanthology.org/2021.acl-long.285},
     year = {2021}
    }
    
    @article{li2020hierarchical2,
     author = {Li, Jiangnan and Lin, Zheng and Fu, Peng and Si, Qingyi and Wang, Weiping},
     journal = {ArXiv preprint},
     title = {A Hierarchical Transformer with Speaker Modeling for Emotion Recognition in Conversation},
     url = {https://arxiv.org/abs/2012.14781},
     volume = {abs/2012.14781},
     year = {2020}
    }
    
    @article{graves2005framewise,
     author = {Graves, Alex and Schmidhuber, J{\"u}rgen},
     journal = {Neural networks},
     number = {5-6},
     pages = {602--610},
     publisher = {Elsevier},
     title = {Framewise phoneme classification with bidirectional LSTM and other neural network architectures},
     volume = {18},
     year = {2005}
    }
    
    @inproceedings{tigunova2020charm,
     address = {Online},
     author = {Tigunova, Anna  and
    Yates, Andrew  and
    Mirza, Paramita  and
    Weikum, Gerhard},
     booktitle = {Proceedings of the 2020 Conference on Empirical Methods in Natural Language Processing (EMNLP)},
     doi = {10.18653/v1/2020.emnlp-main.434},
     pages = {5391--5404},
     publisher = {Association for Computational Linguistics},
     title = {{CHARM}: Inferring Personal Attributes from Conversations},
     url = {https://aclanthology.org/2020.emnlp-main.434},
     year = {2020}
    }
    
    @inproceedings{ramos2003using,
     author = {Ramos, Juan and others},
     booktitle = {Proceedings of the first instructional conference on machine learning},
     organization = {Piscataway, NJ},
     pages = {133--142},
     title = {Using tf-idf to determine word relevance in document queries},
     volume = {242},
     year = {2003}
    }
    
    @article{matsuo2004keyword,
     author = {Matsuo, Yutaka and Ishizuka, Mitsuru},
     journal = {International Journal on Artificial Intelligence Tools},
     number = {01},
     pages = {157--169},
     publisher = {World Scientific},
     title = {Keyword extraction from a single document using word co-occurrence statistical information},
     volume = {13},
     year = {2004}
    }
    
    @inproceedings{campos2018yake,
     author = {Campos, Ricardo and Mangaravite, V{\'\i}tor and Pasquali, Arian and Jorge, Al{\'\i}pio M{\'a}rio and Nunes, C{\'e}lia and Jatowt, Adam},
     booktitle = {European Conference on Information Retrieval},
     organization = {Springer},
     pages = {806--810},
     title = {YAKE! collection-independent automatic keyword extractor},
     year = {2018}
    }
    
    @article{brin1998anatomy,
     author = {Brin, Sergey and Page, Lawrence},
     journal = {Computer networks and ISDN systems},
     number = {1-7},
     pages = {107--117},
     publisher = {Elsevier},
     title = {The anatomy of a large-scale hypertextual web search engine},
     volume = {30},
     year = {1998}
    }
    
    @article{williams1992simple,
     author = {Williams, Ronald J},
     journal = {Machine learning},
     number = {3-4},
     pages = {229--256},
     publisher = {Springer},
     title = {Simple statistical gradient-following algorithms for connectionist reinforcement learning},
     volume = {8},
     year = {1992}
    }
    
    @inproceedings{bougouin:hal-00917969,
     address = {Nagoya, Japan},
     author = {Bougouin, Adrien  and
    Boudin, Florian  and
    Daille, B{\'e}atrice},
     booktitle = {Proceedings of the Sixth International Joint Conference on Natural Language Processing},
     pages = {543--551},
     publisher = {Asian Federation of Natural Language Processing},
     title = {{T}opic{R}ank: Graph-Based Topic Ranking for Keyphrase Extraction},
     url = {https://aclanthology.org/I13-1062},
     year = {2013}
    }
    
    @inproceedings{Li:2019:PTG:3308558.3313496,
     author = {Piji Li and
    Zihao Wang and
    Lidong Bing and
    Wai Lam},
     bibsource = {dblp computer science bibliography, https://dblp.org},
     biburl = {https://dblp.org/rec/conf/www/LiWBL19.bib},
     booktitle = {The World Wide Web Conference, {WWW} 2019, San Francisco, CA, USA,
    May 13-17, 2019},
     doi = {10.1145/3308558.3313496},
     editor = {Ling Liu and
    Ryen W. White and
    Amin Mantrach and
    Fabrizio Silvestri and
    Julian J. McAuley and
    Ricardo Baeza{-}Yates and
    Leila Zia},
     pages = {1006--1016},
     publisher = {{ACM}},
     timestamp = {Thu, 16 May 2019 01:00:00 +0200},
     title = {Persona-Aware Tips Generation?},
     url = {https://doi.org/10.1145/3308558.3313496},
     year = {2019}
    }
    
    @inproceedings{Zeng:2019:ADO:3289600.3291038,
     author = {Zhaohao Zeng and
    Ruihua Song and
    Pingping Lin and
    Tetsuya Sakai},
     bibsource = {dblp computer science bibliography, https://dblp.org},
     biburl = {https://dblp.org/rec/conf/wsdm/ZengSLS19.bib},
     booktitle = {Proceedings of the Twelfth {ACM} International Conference on Web Search
    and Data Mining, {WSDM} 2019, Melbourne, VIC, Australia, February
    11-15, 2019},
     doi = {10.1145/3289600.3291038},
     editor = {J. Shane Culpepper and
    Alistair Moffat and
    Paul N. Bennett and
    Kristina Lerman},
     pages = {285--293},
     publisher = {{ACM}},
     timestamp = {Fri, 01 Feb 2019 00:00:00 +0100},
     title = {Attitude Detection for One-Round Conversation: Jointly Extracting
    Target-Polarity Pairs},
     url = {https://doi.org/10.1145/3289600.3291038},
     year = {2019}
    }
    
    @inproceedings{Li:2017:DMN:3018661.3018714,
     author = {Cheng Li and
    Xiaoxiao Guo and
    Qiaozhu Mei},
     bibsource = {dblp computer science bibliography, https://dblp.org},
     biburl = {https://dblp.org/rec/conf/wsdm/LiGM17.bib},
     booktitle = {Proceedings of the Tenth {ACM} International Conference on Web Search
    and Data Mining, {WSDM} 2017, Cambridge, United Kingdom, February
    6-10, 2017},
     doi = {10.1145/3018661.3018714},
     editor = {Maarten de Rijke and
    Milad Shokouhi and
    Andrew Tomkins and
    Min Zhang},
     pages = {671--680},
     publisher = {{ACM}},
     timestamp = {Tue, 21 May 2019 01:00:00 +0200},
     title = {Deep Memory Networks for Attitude Identification},
     url = {https://doi.org/10.1145/3018661.3018714},
     year = {2017}
    }
    
    @inproceedings{Zhu:2019:HAR:3308558.3313699,
     author = {Ming Zhu and
    Aman Ahuja and
    Wei Wei and
    Chandan K. Reddy},
     bibsource = {dblp computer science bibliography, https://dblp.org},
     biburl = {https://dblp.org/rec/conf/www/ZhuA0R19.bib},
     booktitle = {The World Wide Web Conference, {WWW} 2019, San Francisco, CA, USA,
    May 13-17, 2019},
     doi = {10.1145/3308558.3313699},
     editor = {Ling Liu and
    Ryen W. White and
    Amin Mantrach and
    Fabrizio Silvestri and
    Julian J. McAuley and
    Ricardo Baeza{-}Yates and
    Leila Zia},
     pages = {2472--2482},
     publisher = {{ACM}},
     timestamp = {Thu, 16 May 2019 01:00:00 +0200},
     title = {A Hierarchical Attention Retrieval Model for Healthcare Question Answering},
     url = {https://doi.org/10.1145/3308558.3313699},
     year = {2019}
    }
    
    @inproceedings{kratzwald-feuerriegel-2018-adaptive,
     address = {Brussels, Belgium},
     author = {Kratzwald, Bernhard  and
    Feuerriegel, Stefan},
     booktitle = {Proceedings of the 2018 Conference on Empirical Methods in Natural Language Processing},
     doi = {10.18653/v1/D18-1055},
     pages = {576--581},
     publisher = {Association for Computational Linguistics},
     title = {Adaptive Document Retrieval for Deep Question Answering},
     url = {https://aclanthology.org/D18-1055},
     year = {2018}
    }
    
    @inproceedings{Cui:2005:QAP:1076034.1076103,
     author = {Cui, Hang and Sun, Renxu and Li, Keya and Kan, Min-Yen and Chua, Tat-Seng},
     booktitle = {Proceedings of SIGIR'05},
     pages = {400--407},
     title = {Question Answering Passage Retrieval Using Dependency Relations},
     year = {2005}
    }
    
    @inproceedings{surdeanu-etal-2008-learning,
     address = {Columbus, Ohio},
     author = {Surdeanu, Mihai  and
    Ciaramita, Massimiliano  and
    Zaragoza, Hugo},
     booktitle = {Proceedings of ACL-08: HLT},
     pages = {719--727},
     publisher = {Association for Computational Linguistics},
     title = {Learning to Rank Answers on Large Online {QA} Collections},
     url = {https://aclanthology.org/P08-1082},
     year = {2008}
    }
    
    @inproceedings{Yang:2016:ARS:2983323.2983818,
     author = {Liu Yang and
    Qingyao Ai and
    Jiafeng Guo and
    W. Bruce Croft},
     bibsource = {dblp computer science bibliography, https://dblp.org},
     biburl = {https://dblp.org/rec/conf/cikm/YangAGC16.bib},
     booktitle = {Proceedings of the 25th {ACM} International Conference on Information
    and Knowledge Management, {CIKM} 2016, Indianapolis, IN, USA, October
    24-28, 2016},
     doi = {10.1145/2983323.2983818},
     editor = {Snehasis Mukhopadhyay and
    ChengXiang Zhai and
    Elisa Bertino and
    Fabio Crestani and
    Javed Mostafa and
    Jie Tang and
    Luo Si and
    Xiaofang Zhou and
    Yi Chang and
    Yunyao Li and
    Parikshit Sondhi},
     pages = {287--296},
     publisher = {{ACM}},
     timestamp = {Sun, 25 Oct 2020 01:00:00 +0200},
     title = {aNMM: Ranking Short Answer Texts with Attention-Based Neural Matching
    Model},
     url = {https://doi.org/10.1145/2983323.2983818},
     year = {2016}
    }
    
    @inproceedings{feng-etal-2019-learning,
     address = {Florence, Italy},
     author = {Feng, Jiazhan  and
    Tao, Chongyang  and
    Wu, Wei  and
    Feng, Yansong  and
    Zhao, Dongyan  and
    Yan, Rui},
     booktitle = {Proceedings of the 57th Annual Meeting of the Association for Computational Linguistics},
     doi = {10.18653/v1/P19-1370},
     pages = {3805--3815},
     publisher = {Association for Computational Linguistics},
     title = {Learning a Matching Model with Co-teaching for Multi-turn Response Selection in Retrieval-based Dialogue Systems},
     url = {https://aclanthology.org/P19-1370},
     year = {2019}
    }
    
    @inproceedings{zhang2018learning,
     author = {Tianyang Zhang and
    Minlie Huang and
    Li Zhao},
     bibsource = {dblp computer science bibliography, https://dblp.org},
     biburl = {https://dblp.org/rec/conf/aaai/ZhangHZ18.bib},
     booktitle = {Proceedings of the Thirty-Second {AAAI} Conference on Artificial Intelligence,
    (AAAI-18), the 30th innovative Applications of Artificial Intelligence
    (IAAI-18), and the 8th {AAAI} Symposium on Educational Advances in
    Artificial Intelligence (EAAI-18), New Orleans, Louisiana, USA, February
    2-7, 2018},
     editor = {Sheila A. McIlraith and
    Kilian Q. Weinberger},
     pages = {6053--6060},
     publisher = {{AAAI} Press},
     timestamp = {Mon, 22 Oct 2018 01:00:00 +0200},
     title = {Learning Structured Representation for Text Classification via Reinforcement
    Learning},
     url = {https://www.aaai.org/ocs/index.php/AAAI/AAAI18/paper/view/16537},
     year = {2018}
    }
    
    @inproceedings{liu2020knowledge,
     address = {Online},
     author = {Liu, Ye  and
    Zhang, Sheng  and
    Song, Rui  and
    Feng, Suo  and
    Xiao, Yanghua},
     booktitle = {Proceedings of the 2020 Conference on Empirical Methods in Natural Language Processing (EMNLP)},
     doi = {10.18653/v1/2020.emnlp-main.693},
     pages = {8595--8604},
     publisher = {Association for Computational Linguistics},
     title = {Knowledge-guided Open Attribute Value Extraction with Reinforcement Learning},
     url = {https://aclanthology.org/2020.emnlp-main.693},
     year = {2020}
    }
    
    @inproceedings{chen2018joint,
     author = {Chen, Guandan and Mao, Wenji and Kong, Qingchao and Han, Han},
     booktitle = {2018 IEEE International Conference on Intelligence and Security Informatics (ISI)},
     organization = {IEEE},
     pages = {214--219},
     title = {Joint learning with keyword extraction for event detection in social media},
     year = {2018}
    }
    
    @inproceedings{tigunova2021exploring,
     author = {Tigunova, Anna and Mirza, Paramita and Yates, Andrew and Weikum, Gerhard},
     booktitle = {Proceedings of the 14th ACM International Conference on Web Search and Data Mining},
     pages = {1077--1080},
     title = {Exploring Personal Knowledge Extraction from Conversations with CHARM},
     year = {2021}
    }
    
    @inproceedings{wang2019aspect,
     author = {Wang, Tingting and Zhou, Jie and Hu, Qinmin Vivian and He, Liang},
     booktitle = {2019 International Joint Conference on Neural Networks (IJCNN)},
     organization = {IEEE},
     pages = {1--8},
     title = {Aspect-level sentiment classification with reinforcement learning},
     year = {2019}
    }
    
    @inproceedings{fang2019joint,
     author = {Zheng Fang and
    Yanan Cao and
    Qian Li and
    Dongjie Zhang and
    Zhenyu Zhang and
    Yanbing Liu},
     bibsource = {dblp computer science bibliography, https://dblp.org},
     biburl = {https://dblp.org/rec/conf/www/FangC0ZZL19.bib},
     booktitle = {The World Wide Web Conference, {WWW} 2019, San Francisco, CA, USA,
    May 13-17, 2019},
     doi = {10.1145/3308558.3313517},
     editor = {Ling Liu and
    Ryen W. White and
    Amin Mantrach and
    Fabrizio Silvestri and
    Julian J. McAuley and
    Ricardo Baeza{-}Yates and
    Leila Zia},
     pages = {438--447},
     publisher = {{ACM}},
     timestamp = {Sat, 05 Sep 2020 01:00:00 +0200},
     title = {Joint Entity Linking with Deep Reinforcement Learning},
     url = {https://doi.org/10.1145/3308558.3313517},
     year = {2019}
    }
    
    @inproceedings{Tao:2019:MFN:3289600.3290985,
     author = {Chongyang Tao and
    Wei Wu and
    Can Xu and
    Wenpeng Hu and
    Dongyan Zhao and
    Rui Yan},
     bibsource = {dblp computer science bibliography, https://dblp.org},
     biburl = {https://dblp.org/rec/conf/wsdm/TaoWXHZY19.bib},
     booktitle = {Proceedings of the Twelfth {ACM} International Conference on Web Search
    and Data Mining, {WSDM} 2019, Melbourne, VIC, Australia, February
    11-15, 2019},
     doi = {10.1145/3289600.3290985},
     editor = {J. Shane Culpepper and
    Alistair Moffat and
    Paul N. Bennett and
    Kristina Lerman},
     pages = {267--275},
     publisher = {{ACM}},
     timestamp = {Sat, 31 Aug 2019 01:00:00 +0200},
     title = {Multi-Representation Fusion Network for Multi-Turn Response Selection
    in Retrieval-Based Chatbots},
     url = {https://doi.org/10.1145/3289600.3290985},
     year = {2019}
    }
    
    @inproceedings{kandasamy2017batch,
     author = {Kirthevasan Kandasamy and
    Yoram Bachrach and
    Ryota Tomioka and
    Daniel Tarlow and
    David Carter},
     bibsource = {dblp computer science bibliography, https://dblp.org},
     biburl = {https://dblp.org/rec/conf/iclr/KandasamyBTTC17.bib},
     booktitle = {5th International Conference on Learning Representations, {ICLR} 2017,
    Toulon, France, April 24-26, 2017, Conference Track Proceedings},
     publisher = {OpenReview.net},
     timestamp = {Thu, 25 Jul 2019 01:00:00 +0200},
     title = {Batch Policy Gradient Methods for Improving Neural Conversation Models},
     url = {https://openreview.net/forum?id=rJfMusFll},
     year = {2017}
    }
    
    @inproceedings{qu2019learning,
     author = {Chen Qu and
    Feng Ji and
    Minghui Qiu and
    Liu Yang and
    Zhiyu Min and
    Haiqing Chen and
    Jun Huang and
    W. Bruce Croft},
     bibsource = {dblp computer science bibliography, https://dblp.org},
     biburl = {https://dblp.org/rec/conf/wsdm/QuJQYMCHC19.bib},
     booktitle = {Proceedings of the Twelfth {ACM} International Conference on Web Search
    and Data Mining, {WSDM} 2019, Melbourne, VIC, Australia, February
    11-15, 2019},
     doi = {10.1145/3289600.3290978},
     editor = {J. Shane Culpepper and
    Alistair Moffat and
    Paul N. Bennett and
    Kristina Lerman},
     pages = {699--707},
     publisher = {{ACM}},
     timestamp = {Thu, 28 Nov 2019 00:00:00 +0100},
     title = {Learning to Selectively Transfer: Reinforced Transfer Learning for
    Deep Text Matching},
     url = {https://doi.org/10.1145/3289600.3290978},
     year = {2019}
    }
    
    @article{DBLP:journals/corr/abs-1904-08375,
     author = {Rodrigo Nogueira an},
     journal = {ArXiv preprint},
     title = {Document Expansion by Query Prediction},
     url = {https://arxiv.org/abs/1904.08375},
     volume = {abs/1904.08375},
     year = {2019}
    }
    
    @inproceedings{Luo2019Personalized,
     author = {Liangchen Luo and
    Wenhao Huang and
    Qi Zeng and
    Zaiqing Nie and
    Xu Sun},
     bibsource = {dblp computer science bibliography, https://dblp.org},
     biburl = {https://dblp.org/rec/conf/aaai/LuoHZN019.bib},
     booktitle = {The Thirty-Third {AAAI} Conference on Artificial Intelligence, {AAAI}
    2019, The Thirty-First Innovative Applications of Artificial Intelligence
    Conference, {IAAI} 2019, The Ninth {AAAI} Symposium on Educational
    Advances in Artificial Intelligence, {EAAI} 2019, Honolulu, Hawaii,
    USA, January 27 - February 1, 2019},
     doi = {10.1609/aaai.v33i01.33016794},
     pages = {6794--6801},
     publisher = {{AAAI} Press},
     timestamp = {Thu, 28 Nov 2019 00:00:00 +0100},
     title = {Learning Personalized End-to-End Goal-Oriented Dialog},
     url = {https://doi.org/10.1609/aaai.v33i01.33016794},
     year = {2019}
    }
    
    @inproceedings{chen2017reading,
     address = {Vancouver, Canada},
     author = {Chen, Danqi  and
    Fisch, Adam  and
    Weston, Jason  and
    Bordes, Antoine},
     booktitle = {Proceedings of the 55th Annual Meeting of the Association for Computational Linguistics (Volume 1: Long Papers)},
     doi = {10.18653/v1/P17-1171},
     pages = {1870--1879},
     publisher = {Association for Computational Linguistics},
     title = {Reading {W}ikipedia to Answer Open-Domain Questions},
     url = {https://aclanthology.org/P17-1171},
     year = {2017}
    }
    
    @inproceedings{wang2018r,
     author = {Wang, Shuohang and Yu, Mo and Guo, Xiaoxiao and Wang, Zhiguo and Klinger, Tim and Zhang, Wei and Chang, Shiyu and Tesauro, Gerry and Zhou, Bowen and Jiang, Jing},
     booktitle = {Proceedings of AAAI'18},
     title = {R 3: Reinforced ranker-reader for open-domain question answering},
     year = {2018}
    }
    
    @inproceedings{yang2019end,
     address = {Minneapolis, Minnesota},
     author = {Yang, Wei  and
    Xie, Yuqing  and
    Lin, Aileen  and
    Li, Xingyu  and
    Tan, Luchen  and
    Xiong, Kun  and
    Li, Ming  and
    Lin, Jimmy},
     booktitle = {Proceedings of the 2019 Conference of the North {A}merican Chapter of the Association for Computational Linguistics (Demonstrations)},
     doi = {10.18653/v1/N19-4013},
     pages = {72--77},
     publisher = {Association for Computational Linguistics},
     title = {End-to-End Open-Domain Question Answering with {BERT}serini},
     url = {https://aclanthology.org/N19-4013},
     year = {2019}
    }
    
    @inproceedings{liu-etal-2009-unsupervised,
     address = {Boulder, Colorado},
     author = {Liu, Feifan  and
    Pennell, Deana  and
    Liu, Fei  and
    Liu, Yang},
     booktitle = {Proceedings of Human Language Technologies: The 2009 Annual Conference of the North {A}merican Chapter of the Association for Computational Linguistics},
     pages = {620--628},
     publisher = {Association for Computational Linguistics},
     title = {Unsupervised Approaches for Automatic Keyword Extraction Using Meeting Transcripts},
     url = {https://aclanthology.org/N09-1070},
     year = {2009}
    }
    
    @article{7045531,
     author = {M. {Habibi} and A. {Popescu-Belis}},
     journal = {IEEE/ACM Transactions on Audio, Speech, and Language Processing},
     number = {4},
     pages = {746-759},
     title = {Keyword Extraction and Clustering for Document Recommendation in Conversations},
     volume = {23},
     year = {2015}
    }
    
    @inproceedings{kim-baldwin-2012-extracting,
     address = {Bali, Indonesia},
     author = {Kim, Su Nam  and
    Baldwin, Timothy},
     booktitle = {Proceedings of the 26th Pacific Asia Conference on Language, Information, and Computation},
     pages = {199--208},
     publisher = {Faculty of Computer Science, Universitas Indonesia},
     title = {Extracting Keywords from Multi-party Live Chats},
     url = {https://aclanthology.org/Y12-1021},
     year = {2012}
    }
    
    @inproceedings{Zhao:2011:TKE:2002472.2002521,
     address = {Portland, Oregon, USA},
     author = {Zhao, Xin  and
    Jiang, Jing  and
    He, Jing  and
    Song, Yang  and
    Achanauparp, Palakorn  and
    Lim, Ee-Peng  and
    Li, Xiaoming},
     booktitle = {Proceedings of the 49th Annual Meeting of the Association for Computational Linguistics: Human Language Technologies},
     pages = {379--388},
     publisher = {Association for Computational Linguistics},
     title = {Topical Keyphrase Extraction from {T}witter},
     url = {https://aclanthology.org/P11-1039},
     year = {2011}
    }
    
    @inproceedings{wu-etal-2010-automatic-generation,
     address = {Los Angeles, California},
     author = {Wu, Wei  and
    Zhang, Bin  and
    Ostendorf, Mari},
     booktitle = {Human Language Technologies: The 2010 Annual Conference of the North {A}merican Chapter of the Association for Computational Linguistics},
     pages = {689--692},
     publisher = {Association for Computational Linguistics},
     title = {Automatic Generation of Personalized Annotation Tags for {T}witter Users},
     url = {https://aclanthology.org/N10-1101},
     year = {2010}
    }
    
    @inproceedings{Budzik:2000:UIE:325737.325776,
     author = {Budzik, Jay and Hammond, Kristian J.},
     booktitle = {Proceedings of the 5th International Conference on Intelligent User Interfaces},
     pages = {44--51},
     series = {IUI'00},
     title = {User Interactions with Everyday Applications As Context for Just-in-time Information Access},
     year = {2000}
    }
    
    @inproceedings{Witten:1999:KPA:313238.313437,
     author = {Witten, Ian H. and Paynter, Gordon W. and Frank, Eibe and Gutwin, Carl and Nevill-Manning, Craig G.},
     booktitle = {Proceedings of the Fourth ACM Conference on Digital Libraries},
     pages = {254--255},
     series = {DL '99},
     title = {KEA: Practical Automatic Keyphrase Extraction},
     year = {1999}
    }
    
    @inproceedings{hasan-ng-2014-automatic,
     address = {Baltimore, Maryland},
     author = {Hasan, Kazi Saidul  and
    Ng, Vincent},
     booktitle = {Proceedings of the 52nd Annual Meeting of the Association for Computational Linguistics (Volume 1: Long Papers)},
     doi = {10.3115/v1/P14-1119},
     pages = {1262--1273},
     publisher = {Association for Computational Linguistics},
     title = {Automatic Keyphrase Extraction: A Survey of the State of the Art},
     url = {https://aclanthology.org/P14-1119},
     year = {2014}
    }
    
    @inproceedings{zhang-etal-2016-keyphrase,
     address = {Austin, Texas},
     author = {Zhang, Qi  and
    Wang, Yang  and
    Gong, Yeyun  and
    Huang, Xuanjing},
     booktitle = {Proceedings of the 2016 Conference on Empirical Methods in Natural Language Processing},
     doi = {10.18653/v1/D16-1080},
     pages = {836--845},
     publisher = {Association for Computational Linguistics},
     title = {Keyphrase Extraction Using Deep Recurrent Neural Networks on {T}witter},
     url = {https://aclanthology.org/D16-1080},
     year = {2016}
    }
    
    @inproceedings{copacrr,
     author = {Kai Hui and
    Andrew Yates and
    Klaus Berberich and
    Gerard de Melo},
     bibsource = {dblp computer science bibliography, https://dblp.org},
     biburl = {https://dblp.org/rec/conf/wsdm/HuiYBM18.bib},
     booktitle = {Proceedings of the Eleventh {ACM} International Conference on Web
    Search and Data Mining, {WSDM} 2018, Marina Del Rey, CA, USA, February
    5-9, 2018},
     doi = {10.1145/3159652.3159689},
     editor = {Yi Chang and
    Chengxiang Zhai and
    Yan Liu and
    Yoelle Maarek},
     pages = {279--287},
     publisher = {{ACM}},
     timestamp = {Sat, 19 Oct 2019 01:00:00 +0200},
     title = {Co-PACRR: {A} Context-Aware Neural {IR} Model for Ad-hoc Retrieval},
     url = {https://doi.org/10.1145/3159652.3159689},
     year = {2018}
    }
    
    @inproceedings{Balog:2019:TSE:3331184.3331211,
     author = {Krisztian Balog and
    Filip Radlinski and
    Shushan Arakelyan},
     bibsource = {dblp computer science bibliography, https://dblp.org},
     biburl = {https://dblp.org/rec/conf/sigir/BalogRA19.bib},
     booktitle = {Proceedings of the 42nd International {ACM} {SIGIR} Conference on
    Research and Development in Information Retrieval, {SIGIR} 2019, Paris,
    France, July 21-25, 2019},
     doi = {10.1145/3331184.3331211},
     editor = {Benjamin Piwowarski and
    Max Chevalier and
    {\'{E}}ric Gaussier and
    Yoelle Maarek and
    Jian{-}Yun Nie and
    Falk Scholer},
     pages = {265--274},
     publisher = {{ACM}},
     timestamp = {Sun, 21 Jul 2019 01:00:00 +0200},
     title = {Transparent, Scrutable and Explainable User Models for Personalized
    Recommendation},
     url = {https://doi.org/10.1145/3331184.3331211},
     year = {2019}
    }
    
    @inproceedings{zero-shot15,
     author = {Lei Jimmy Ba and
    Kevin Swersky and
    Sanja Fidler and
    Ruslan Salakhutdinov},
     bibsource = {dblp computer science bibliography, https://dblp.org},
     biburl = {https://dblp.org/rec/conf/iccv/BaSFS15.bib},
     booktitle = {2015 {IEEE} International Conference on Computer Vision, {ICCV} 2015,
    Santiago, Chile, December 7-13, 2015},
     doi = {10.1109/ICCV.2015.483},
     pages = {4247--4255},
     publisher = {{IEEE} Computer Society},
     timestamp = {Mon, 11 Feb 2019 00:00:00 +0100},
     title = {Predicting Deep Zero-Shot Convolutional Neural Networks Using Textual
    Descriptions},
     url = {https://doi.org/10.1109/ICCV.2015.483},
     year = {2015}
    }
    
    @article{sanh2019distilbert,
     author = {Sanh, Victor and Debut, Lysandre and Chaumond, Julien and Wolf, Thomas},
     journal = {ArXiv preprint},
     title = {DistilBERT, a distilled version of BERT: smaller, faster, cheaper and lighter},
     url = {https://arxiv.org/abs/1910.01108},
     volume = {abs/1910.01108},
     year = {2019}
    }
    
    @inproceedings{Welch19LookWhosTalking,
     address = {La Rochelle, France},
     author = {Welch, Charles and P{\'e}rez-Rosas, Ver{\'o}nica and Kummerfeld, Jonathan K. and Mihalcea, Rada},
     booktitle = {Proceedings of CICLing'19},
     title = {Look Who's Talking: Inferring Speaker Attributes from Personal Longitudinal Dialog},
     year = {2019}
    }
    
    @article{guu2020realm,
     author = {Guu, Kelvin and Lee, Kenton and Tung, Zora and Pasupat, Panupong and Chang, Ming-Wei},
     journal = {ArXiv preprint},
     title = {Realm: Retrieval-augmented language model pre-training},
     url = {https://arxiv.org/abs/2002.08909},
     volume = {abs/2002.08909},
     year = {2020}
    }
    
    @article{wang2019survey,
     author = {Wang, Wei and Zheng, Vincent W and Yu, Han and Miao, Chunyan},
     journal = {ACM Transactions on Intelligent Systems and Technology (TIST)},
     number = {2},
     pages = {1--37},
     publisher = {ACM New York, NY, USA},
     title = {A survey of zero-shot learning: Settings, methods, and applications},
     volume = {10},
     year = {2019}
    }
    
    @inproceedings{yazdani2015model,
     address = {Lisbon, Portugal},
     author = {Yazdani, Majid  and
    Henderson, James},
     booktitle = {Proceedings of the 2015 Conference on Empirical Methods in Natural Language Processing},
     doi = {10.18653/v1/D15-1027},
     pages = {244--249},
     publisher = {Association for Computational Linguistics},
     title = {A Model of Zero-Shot Learning of Spoken Language Understanding},
     url = {https://aclanthology.org/D15-1027},
     year = {2015}
    }
    
    @inproceedings{zhang2019integrating,
     address = {Minneapolis, Minnesota},
     author = {Zhang, Jingqing  and
    Lertvittayakumjorn, Piyawat  and
    Guo, Yike},
     booktitle = {Proceedings of the 2019 Conference of the North {A}merican Chapter of the Association for Computational Linguistics: Human Language Technologies, Volume 1 (Long and Short Papers)},
     doi = {10.18653/v1/N19-1108},
     pages = {1031--1040},
     publisher = {Association for Computational Linguistics},
     title = {Integrating Semantic Knowledge to Tackle Zero-shot Text Classification},
     url = {https://aclanthology.org/N19-1108},
     year = {2019}
    }
    
    @article{bando2019twitter,
     author = {Bando, Koji and Matsumoto, Kazuyuki and Yoshida, Minoru and Kita, Kenji},
     journal = {International Journal of Machine Learning and Computing},
     number = {2},
     title = {Twitter User’s Hobby Estimation Based on Sequential Statements Using Deep Neural Networks},
     volume = {9},
     year = {2019}
    }
    
    @inproceedings{dai2019deeper,
     author = {Zhuyun Dai and
    Jamie Callan},
     bibsource = {dblp computer science bibliography, https://dblp.org},
     biburl = {https://dblp.org/rec/conf/sigir/DaiC19.bib},
     booktitle = {Proceedings of the 42nd International {ACM} {SIGIR} Conference on
    Research and Development in Information Retrieval, {SIGIR} 2019, Paris,
    France, July 21-25, 2019},
     doi = {10.1145/3331184.3331303},
     editor = {Benjamin Piwowarski and
    Max Chevalier and
    {\'{E}}ric Gaussier and
    Yoelle Maarek and
    Jian{-}Yun Nie and
    Falk Scholer},
     pages = {985--988},
     publisher = {{ACM}},
     timestamp = {Sun, 21 Jul 2019 01:00:00 +0200},
     title = {Deeper Text Understanding for {IR} with Contextual Neural Language
    Modeling},
     url = {https://doi.org/10.1145/3331184.3331303},
     year = {2019}
    }
    
    @article{nogueira2019passage,
     author = {Nogueira, Rodrigo and Cho, Kyunghyun},
     journal = {ArXiv preprint},
     title = {Passage Re-ranking with BERT},
     url = {https://arxiv.org/abs/1901.04085},
     volume = {abs/1901.04085},
     year = {2019}
    }
    
    @inproceedings{larochelle2008zero,
     author = {Larochelle, Hugo and Erhan, Dumitru and Bengio, Yoshua},
     booktitle = {AAAI},
     number = {2},
     pages = {3},
     title = {Zero-data learning of new tasks.},
     volume = {1},
     year = {2008}
    }
    
    @inproceedings{palatucci2009zero,
     author = {Mark Palatucci and
    Dean Pomerleau and
    Geoffrey E. Hinton and
    Tom M. Mitchell},
     bibsource = {dblp computer science bibliography, https://dblp.org},
     biburl = {https://dblp.org/rec/conf/nips/PalatucciPHM09.bib},
     booktitle = {Advances in Neural Information Processing Systems 22: 23rd Annual
    Conference on Neural Information Processing Systems 2009. Proceedings
    of a meeting held 7-10 December 2009, Vancouver, British Columbia,
    Canada},
     editor = {Yoshua Bengio and
    Dale Schuurmans and
    John D. Lafferty and
    Christopher K. I. Williams and
    Aron Culotta},
     pages = {1410--1418},
     publisher = {Curran Associates, Inc.},
     timestamp = {Thu, 21 Jan 2021 00:00:00 +0100},
     title = {Zero-shot Learning with Semantic Output Codes},
     url = {https://proceedings.neurips.cc/paper/2009/hash/1543843a4723ed2ab08e18053ae6dc5b-Abstract.html},
     year = {2009}
    }
    
    @inproceedings{van2017reply,
     author = {Christophe Van Gysel and
    Bhaskar Mitra and
    Matteo Venanzi and
    Roy Rosemarin and
    Grzegorz Kukla and
    Piotr Grudzien and
    Nicola Cancedda},
     bibsource = {dblp computer science bibliography, https://dblp.org},
     biburl = {https://dblp.org/rec/conf/cikm/GyselMVRKGC17.bib},
     booktitle = {Proceedings of the 2017 {ACM} on Conference on Information and Knowledge
    Management, {CIKM} 2017, Singapore, November 06 - 10, 2017},
     doi = {10.1145/3132847.3132979},
     editor = {Ee{-}Peng Lim and
    Marianne Winslett and
    Mark Sanderson and
    Ada Wai{-}Chee Fu and
    Jimeng Sun and
    J. Shane Culpepper and
    Eric Lo and
    Joyce C. Ho and
    Debora Donato and
    Rakesh Agrawal and
    Yu Zheng and
    Carlos Castillo and
    Aixin Sun and
    Vincent S. Tseng and
    Chenliang Li},
     pages = {327--336},
     publisher = {{ACM}},
     timestamp = {Tue, 06 Nov 2018 00:00:00 +0100},
     title = {Reply With: Proactive Recommendation of Email Attachments},
     url = {https://doi.org/10.1145/3132847.3132979},
     year = {2017}
    }
    
