@InProceedings{wieting,
  author    = {John Wieting and
               Mohit Bansal and
               Kevin Gimpel and
               Karen Livescu},
  title     = {Towards Universal Paraphrastic Sentence Embeddings},
  year={2016},
  month={May},
  booktitle = {Proceedings of ICLR'16},
  url       = {http://arxiv.org/abs/1511.08198}
}

@InProceedings{zhang2018personalizing,
  author    = {Saizheng Zhang and
               Emily Dinan and
               Jack Urbanek and
               Arthur Szlam and
               Douwe Kiela and
               Jason Weston},
  title     = {Personalizing Dialogue Agents: {I} have a dog, do you have pets too?},
  booktitle = {Proceedings of ACL'18 (Volume 1: Long Papers)},
  month     = {July},
  year      = {2018},
}

@article{krishnamurthy2014location,
  title={Location prediction of twitter users using wikipedia},
  author={Krishnamurthy, Revathy and Kapanipathi, Pavan and Sheth, Amit P and Thirunarayan, Krishnaprasad},
  year={2014}
}

@InProceedings{stanford,
  author    = {Angeli, Gabor  and  Johnson Premkumar, Melvin Jose  and  Manning, Christopher D.},
  title     = {Leveraging Linguistic Structure For Open Domain Information Extraction},
  booktitle = {Proceedings of ACL/IJCNLP'15 (Volume 1: Long Papers)},
  month     = {July},
  year      = {2015},
}

@InProceedings{embed5,
  title={A simple but tough-to-beat baseline for sentence embeddings},
  author={Arora, Sanjeev and Liang, Yingyu and Ma, Tengyu},
  year={2017},
  month={April},
  booktitle = {Proceedings of ICLR'17},
  url = "https://openreview.net/forum?id=SyK00v5xx"
}

@InProceedings{cnn,
  author = 	"Kim, Yoon",
  title = 	"Convolutional Neural Networks for Sentence Classification",
  booktitle = 	"Proceedings of EMNLP'14",
  year = 	"2014",
}

@Inbook{IEbasic,
author="Jiang, Jing",
editor="Aggarwal, Charu C.
and Zhai, ChengXiang",
title="Information Extraction from Text",
bookTitle="Mining Text Data",
year="2012",
isbn="978-1-4614-3223-4",
doi="10.1007/978-1-4614-3223-4_2",
}

@inproceedings{IEtrad,
 author = {Craven, Mark and DiPasquo, Dan and Freitag, Dayne and McCallum, Andrew and Mitchell, Tom and Nigam, Kamal and Slattery, Se\'{a}n},
 title = {Learning to Extract Symbolic Knowledge from the World Wide Web},
 booktitle = {Proceedings of {AAAI/IAAI'98}},
 year = {1998},
 isbn = {0-262-51098-7},
 url = {http://dl.acm.org/citation.cfm?id=295240.295725}
} 

@inproceedings{OpenIE,
 author = {Banko, Michele and Cafarella, Michael J. and Soderland, Stephen and Broadhead, Matt and Etzioni, Oren},
 title = {Open Information Extraction from the Web},
 booktitle = {Proceedings of IJCAI'07},
 year = {2007},
 url = {http://dl.acm.org/citation.cfm?id=1625275.1625705}
} 

@InProceedings{oie1,
  author    = {Wu, Fei  and  Weld, Daniel S.},
  title     = {Open Information Extraction Using Wikipedia},
  booktitle = {Proceedings of ACL'10},
  year      = {2010},
}

@InProceedings{oie2,
  author    = {Mausam  and  Schmitz, Michael  and  Soderland, Stephen  and  Bart, Robert  and  Etzioni, Oren},
  title     = {Open Language Learning for Information Extraction},
  booktitle = {Proceedings of EMNLP/CoNLL'12},
  year      = {2012},
}

@InProceedings{oie3,
  author    = {Fader, Anthony  and  Soderland, Stephen  and  Etzioni, Oren},
  title     = {Identifying Relations for Open Information Extraction},
  booktitle = {Proceedings of EMNLP'11},
  year      = {2011},
}

@InProceedings{ielstm,
  author    = {Miwa, Makoto  and  Bansal, Mohit},
  title     = {End-to-End Relation Extraction using LSTMs on Sequences and Tree Structures},
  booktitle = {Proceedings of ACL'16 (Volume 1: Long Papers)},
  year      = {2016},
}

@InProceedings{bot1,
	author = {Marjan Ghazvininejad and Chris Brockett and Ming-Wei Chang and Bill Dolan and Jianfeng Gao and Wen-tau Yih and Michel Galley},
	title = {A Knowledge-Grounded Neural Conversation Model},
	booktitle = {Proceedings of AAAI'18},
	year = {2018},
}

@InProceedings{dial1,
  author    = {Lison, Pierre  and  Bibauw, Serge},
  title     = {Not All Dialogues are Created Equal: Instance Weighting for Neural Conversational Models},
  booktitle = {Proceedings of the 18th Annual SIGdial Meeting on Discourse and Dialogue},
  year      = {2017},
}

@InProceedings{dial2,
	author = {Tom Young and Erik Cambria and Iti Chaturvedi and Hao Zhou and Subham Biswas and Minlie Huang},
	title = {Augmenting End-to-End Dialogue Systems With Commonsense Knowledge},
	booktitle = {Proceedings of AAAI'18},
	year = {2018},
}

@InProceedings{dial3,
  author    = {Zhou, Xiangyang  and  Dong, Daxiang  and  Wu, Hua  and  Zhao, Shiqi  and  Yu, Dianhai  and  Tian, Hao  and  Liu, Xuan  and  Yan, Rui},
  title     = {Multi-view Response Selection for Human-Computer Conversation},
  booktitle = {Proceedings of EMNLP'16},
  year      = {2016},
}

@InProceedings{dial4,
  author    = {Antoine Bordes and
  			   Y-Lan Boureau and
               Jason Weston},
  title     = {Learning End-to-End Goal-Oriented Dialog},
  year      = {2017},
  booktitle = {Proceedings of ICLR'17},
}

@inproceedings{dial5,
  title={A knowledge enhanced generative conversational service agent},
  author={Long, Yinong and Wang, Jianan and Xu, Zhen and Wang, Zongsheng and Wang, Baoxun and Wang, Zhuoran},
  booktitle={Proceedings of the 6th Dialog System Technology Challenges (DSTC6) Workshop},
  year={2017}
}

@InProceedings{dial6,
  author    = {Andrea Madotto and
               Chien-Sheng Wu and
               Pascale Fung},
  title     = {Mem2Seq: Effectively Incorporating Knowledge Bases into End-to-End Task-Oriented Dialog Systems},
  booktitle = {Proceedings of ACL'18 (Volume 1: Long Papers)},
  year      = {2018},
}

@inproceedings{Yen:2019:PKB:3331184.3331209,
 author = {Yen, An-Zi and Huang, Hen-Hsen and Chen, Hsin-Hsi},
 title = {Personal Knowledge Base Construction from Text-based Lifelogs},
 booktitle = {Proceedings of SIGIR'19},
 year = {2019},
 pages = {185--194},
} 

@InProceedings{dial7,
  title={Personal knowledge graph population from user utterances in conversational understanding},
  author={Xiang Li and G{\"o}khan T{\"u}r and Dilek Z. Hakkani-T{\"u}r and Qi Li},
  booktitle={Proceedings of IEEE Spoken Language Technology Workshop (SLT)},
  year={2014}
}

@InProceedings{dial8,
  author    = {Sordoni, Alessandro  and  Galley, Michel  and  Auli, Michael  and  Brockett, Chris  and  Ji, Yangfeng  and  Mitchell, Margaret  and  Nie, Jian-Yun  and  Gao, Jianfeng  and  Dolan, Bill},
  title     = {A Neural Network Approach to Context-Sensitive Generation of Conversational Responses},
  booktitle = {Proceedings of NAACL-HLT'15},
  year      = {2015},
}

@inproceedings{embed1,
 author = {Mikolov, Tomas and Sutskever, Ilya and Chen, Kai and Corrado, Greg and Dean, Jeffrey},
 title = {Distributed Representations of Words and Phrases and Their Compositionality},
 booktitle = {Proceedings of NIPS'13},
 year = {2013},
 url = {http://dl.acm.org/citation.cfm?id=2999792.2999959}
} 

@article{embed2,
        author = {Mo Yu and Mark Dredze},
        title = {Learning Composition Models for Phrase Embeddings},
        journal = {TACL},
        volume = {3},
        year = {2015},
        keywords = {},
        issn = {2307-387X},
        url =
{https://tacl2013.cs.columbia.edu/ojs/index.php/tacl/article/view/586}
}

@InProceedings{embed3,
  author    = {Zhou, Zhihao  and  Huang, Lifu  and  Ji, Heng},
  title     = {{Learning Phrase Embeddings from Paraphrases with GRUs}},
  booktitle = {Proceedings of the First Workshop on Curation and Applications of Parallel and Comparable Corpora},
  year      = {2017},
}

@article{deep,
  title={Recent trends in deep learning based natural language processing},
  author={Young, Tom and Hazarika, Devamanyu and Poria, Soujanya and Cambria, Erik},
  journal={arXiv preprint arXiv:1708.02709},
  year={2017}
}

@InProceedings{cnn1,
  author    = {Kalchbrenner, Nal  and  Grefenstette, Edward  and  Blunsom, Phil},
  title     = {A Convolutional Neural Network for Modelling Sentences},
  booktitle = {Proceedings of ACL'14 (Volume 1: Long Papers)},
  year      = {2014},
}

@incollection{cnn2,
 author = {Hu, Baotian and Lu, Zhengdong and Li, Hang and Chen, Qingcai},
 title = {Convolutional Neural Network Architectures for Matching Natural Language Sentences},
 booktitle = {Proceedings of NIPS'14},
 year = {2014},
 url = {http://dl.acm.org/citation.cfm?id=2969033.2969055}
}

@InProceedings{cnn3,
  author    = {Zhang, Ye  and  Wallace, Byron},
  title     = {A Sensitivity Analysis of (and Practitioners' Guide to) Convolutional Neural Networks for Sentence Classification},
  booktitle = {Proceedings of IJCNLP'17},
  year      = {2017},
}

@InProceedings{atten1,
	author = {Zhixing Tan and Mingxuan Wang and Jun Xie and Yidong Chen and Xiaodong Shi},
	title = {Deep Semantic Role Labeling With Self-Attention},
	booktitle = {Proceedings of AAAI'18},
	year = {2018},
}

@InProceedings{atten2,
  author    = {Zhou, Peng  and  Shi, Wei  and  Tian, Jun  and  Qi, Zhenyu  and  Li, Bingchen  and  Hao, Hongwei  and  Xu, Bo},
  title     = {Attention-Based Bidirectional Long Short-Term Memory Networks for Relation Classification},
  booktitle = {Proceedings of ACL'16 (Volume 2: Short Papers)},
  year      = {2016},
}

@article{atten3,
  author    = {Wenpeng Yin and
               Hinrich Sch{\"{u}}tze},
  title     = {Attentive Convolution},
  journal   = {CoRR},
  volume    = {abs/1710.00519},
  year      = {2017},
  url       = {http://arxiv.org/abs/1710.00519},
  archivePrefix = {arXiv},
  eprint    = {1710.00519},
  timestamp = {Mon, 13 Aug 2018 16:46:25 +0200},
  biburl    = {https://dblp.org/rec/bib/journals/corr/abs-1710-00519},
  bibsource = {dblp computer science bibliography, https://dblp.org}
}

@article{atten4,
	author = {Yin, Wenpeng  and Sch{\"{u}}tze, Hinrich  and Xiang, Bing  and Zhou, Bowen },
	title = {{ABCNN}: Attention-Based Convolutional Neural Network for Modeling Sentence Pairs},
	journal = {TACL},
	volume = {4},
	year = {2016},
	keywords = {},
	issn = {2307-387X},
	url = {https://tacl2013.cs.columbia.edu/ojs/index.php/tacl/article/view/831}
}

@article{atten5,
  author    = {Colin Raffel and
               Daniel P. W. Ellis},
  title     = {Feed-Forward Networks with Attention Can Solve Some Long-Term Memory
               Problems},
  journal   = {CoRR},
  volume    = {abs/1512.08756},
  year      = {2015},
  url       = {http://arxiv.org/abs/1512.08756},
  archivePrefix = {arXiv},
  eprint    = {1512.08756},
  timestamp = {Mon, 13 Aug 2018 16:48:37 +0200},
  biburl    = {https://dblp.org/rec/bib/journals/corr/RaffelE15},
  bibsource = {dblp computer science bibliography, https://dblp.org}
}

@InProceedings{atten6,
  author    = {Zhou, Peng  and  Shi, Wei  and  Tian, Jun  and  Qi, Zhenyu  and  Li, Bingchen  and  Hao, Hongwei  and  Xu, Bo},
  title     = {Attention-Based Bidirectional Long Short-Term Memory Networks for Relation Classification},
  booktitle = {Proceedings of ACL'16 (Volume 2: Short Papers)},
  year      = {2016},
}

@article{atten7,
  author    = {Kaisheng Yao and
               Baolin Peng and
               Geoffrey Zweig and
               Kam-Fai Wong},
  title     = {An Attentional Neural Conversation Model with Improved Specificity},
  journal   = {CoRR},
  volume    = {abs/1606.01292},
  year      = {2016},
  url       = {http://arxiv.org/abs/1606.01292},
  archivePrefix = {arXiv},
  eprint    = {1606.01292},
  timestamp = {Mon, 13 Aug 2018 16:48:51 +0200},
  biburl    = {https://dblp.org/rec/bib/journals/corr/YaoPZW16},
  bibsource = {dblp computer science bibliography, https://dblp.org}
}

@InProceedings{atten8,
	author = {Chen Xing and Yu Wu and Wei Wu and Yalou Huang and Ming Zhou},
	title = {Hierarchical Recurrent Attention Network for Response Generation},
	booktitle = {Proceedings of AAAI'18},
	year = {2018},
}

@InProceedings{atten9,
  author = 	"Yang, Zichao
		and Yang, Diyi
		and Dyer, Chris
		and He, Xiaodong
		and Smola, Alex
		and Hovy, Eduard",
  title = 	"Hierarchical Attention Networks for Document Classification",
  booktitle = 	"Proceedings of NAACL-HLT'16",
  year = 	"2016",
}

@InProceedings{pers1,
  author    = {Li, Jiwei  and  Galley, Michel  and  Brockett, Chris  and  Spithourakis, Georgios  and  Gao, Jianfeng  and  Dolan, Bill},
  title     = {A Persona-Based Neural Conversation Model},
  booktitle = {Proceedings of ACL'16 (Volume 1: Long Papers)},
  year      = {2016},
}

@InProceedings{pers2,
  author    = {Chaitanya K. Joshi and
               Fei Mi and
               Boi Faltings},
  title     = {Personalization in Goal-Oriented Dialog},
  booktitle = {Proceedings of Conversational AI Workshop, NIPS'17},
  year      = {2017},
}

@InProceedings{Danescu-Niculescu-Mizil+Lee:11a,
  author={Cristian Danescu-Niculescu-Mizil and Lillian Lee},
  title={Chameleons in imagined conversations:
  A new approach to understanding coordination of linguistic style in dialogs.},
  booktitle={Proceedings of the
        Workshop on Cognitive Modeling and Computational Linguistics, ACL 2011},
  year={2011}
}

@inproceedings{Chen2016,
  author={Yun-Nung Chen and Dilek Hakkani-Tür and Gokhan Tur and Jianfeng Gao and Li Deng},
  title={End-to-End Memory Networks with Knowledge Carryover for Multi-Turn Spoken Language Understanding},
  year=2016,
  booktitle={Proceedings of Interspeech'16},
  doi={10.21437/Interspeech.2016-312},
}

@article{ChenHTCGD16,
  author    = {Yun{-}Nung Chen and
               Dilek Z. Hakkani{-}T{\"{u}}r and
               G{\"{o}}khan T{\"{u}}r and
               Asli {\c{C}}elikyilmaz and
               Jianfeng Gao and
               Li Deng},
  title     = {Knowledge as a Teacher: Knowledge-Guided Structural Attention Networks},
  journal   = {CoRR},
  volume    = {abs/1609.03286},
  year      = {2016},
  url       = {http://arxiv.org/abs/1609.03286},
  archivePrefix = {arXiv},
  eprint    = {1609.03286},
  timestamp = {Mon, 13 Aug 2018 16:48:26 +0200},
  biburl    = {https://dblp.org/rec/bib/journals/corr/ChenHTCGD16},
  bibsource = {dblp computer science bibliography, https://dblp.org}
}

@InProceedings{wakabayashi-EtAl:2016:EMNLP2016,
  author    = {Wakabayashi, Kei  and  Takeuchi, Johane  and  Funakoshi, Kotaro  and  Nakano, Mikio},
  title     = {Nonparametric Bayesian Models for Spoken Language Understanding},
  booktitle = {Proceedings of EMNLP'16},
  year      = {2016},
}

@InProceedings{AAAI1816104,
	author = {Kaixiang Mo and Yu Zhang and Shuangyin Li and Jiajun Li and Qiang Yang},
	title = {Personalizing a Dialogue System With Transfer Reinforcement Learning},
	booktitle = {Proceedings of AAAI'18},
	year = {2018},
}

@inproceedings{AIIDElin11,
  author    = {Grace I. Lin and
               Marilyn A. Walker},
  title     = {All the World's a Stage: Learning Character Models from Film},
  booktitle = {Proceedings of {AIIDE}'11},
  year      = {2011}
}

@inproceedings{word2vec,
  title={Distributed representations of words and phrases and their compositionality},
  author={Mikolov, Tomas and Sutskever, Ilya and Chen, Kai and Corrado, Greg S and Dean, Jeff},
  booktitle={Advances in Neural Information Processing Systems},
  pages={3111--3119},
  year={2013}
}

@inproceedings{adam,
  title={Adam: A method for stochastic optimization},
  author={Kingma, Diederik and Ba, Jimmy},
  booktitle={Proceedings of ICLR'15},
  year={2015}
}

@inproceedings{vaswani2017attention,
  title={Attention is all you need},
  author={Vaswani, Ashish and Shazeer, Noam and Parmar, Niki and Uszkoreit, Jakob and Jones, Llion and Gomez, Aidan N and Kaiser, {\L}ukasz and Polosukhin, Illia},
  booktitle={Advances in Neural Information Processing Systems},
  pages={5998--6008},
  year={2017}
}

@inproceedings{bahdanau2014neural,
  title={Neural machine translation by jointly learning to align and translate},
  author={Bahdanau, Dzmitry and Cho, Kyunghyun and Bengio, Yoshua},
  booktitle={Proceedings of ICLR'15},
  year={2015}
}

@inproceedings{tang2018self,
  title={Why Self-Attention? A Targeted Evaluation of Neural Machine Translation Architectures},
  author={Tang, Gongbo and M{\"u}ller, Mathias and Rios, Annette and Sennrich, Rico},
  booktitle={Proceedings of EMNLP'18},
  year={2018}
}

@inproceedings{Rao:2010,
 author = {Rao, Delip and Yarowsky, David and Shreevats, Abhishek and Gupta, Manaswi},
 title = {Classifying Latent User Attributes in Twitter},
 booktitle = {Proceedings of SMUC'10},
 year = {2010},
 pages = {37--44},
} 

@InProceedings{burger:EMNLP11,
  author    = {Burger, John D.  and  Henderson, John  and  Kim, George  and  Zarrella, Guido},
  title     = {Discriminating Gender on Twitter},
  booktitle = {Proceedings of EMNLP'11},
  year      = {2011},
  pages     = {1301--1309},
}

@InProceedings{pennacchiotti:ICWSM11,
	author = {Marco Pennacchiotti and Ana-Maria Popescu},
	title = {A Machine Learning Approach to Twitter User Classification},
	booktitle = {Proceedings of ICWSM'11},
	year = {2011},
}

@inproceedings{Schwartz2013PersonalityGA,
  title={Personality, Gender, and Age in the Language of Social Media: The Open-Vocabulary Approach},
  author={H. Andrew Schwartz and Johannes C. Eichstaedt and Margaret L. Kern and Lukasz Dziurzynski and Stephanie Ramones and Megha Agrawal and Achal Shah and Michal Kosinski and David Stillwell and Martin E. P. Seligman and Lyle H. Ungar},
  booktitle={PloS one},
  year={2013}
}

@InProceedings{sap:EMNLP14,
  author    = {Sap, Maarten  and  Park, Gregory  and  Eichstaedt, Johannes  and  Kern, Margaret  and  Stillwell, David  and  Kosinski, Michal  and  Ungar, Lyle  and  Schwartz, Hansen Andrew},
  title     = {Developing Age and Gender Predictive Lexica over Social Media},
  booktitle = {Proceedings EMNLP'14},
  year      = {2014},
  pages     = {1146--1151},
}

@InProceedings{pietro:ACL15,
  author    = {Preo\c{t}iuc-Pietro, Daniel  and  Lampos, Vasileios  and  Aletras, Nikolaos},
  title     = {An analysis of the user occupational class through Twitter content},
  booktitle = {Proceedings of ACL/IJCNLP'15 (Volume 1: Long Papers)},
  year      = {2015},
  pages     = {1754--1764},
}

@InProceedings{flekova:ACL16:long,
  author    = {Flekova, Lucie  and  Carpenter, Jordan  and  Giorgi, Salvatore  and  Ungar, Lyle  and  Preo\c{t}iuc-Pietro, Daniel},
  title     = {Analyzing Biases in Human Perception of User Age and Gender from Text},
  booktitle = {Proceedings of ACL'16 (Volume 1: Long Papers)},
  year      = {2016},
  pages     = {843--854},
}

@InProceedings{flekova:ACL16:short,
  author    = {Flekova, Lucie  and  Preo\c{t}iuc-Pietro, Daniel  and  Ungar, Lyle},
  title     = {Exploring Stylistic Variation with Age and Income on Twitter},
  booktitle = {Proceedings of ACL'16 (Volume 2: Short Papers)},
  year      = {2016},
  pages     = {313--319},
}

@InProceedings{pietro:ACL17:long,
  author    = {Preo{\c{t}}iuc-Pietro, Daniel  and  Liu, Ye  and  Hopkins, Daniel  and  Ungar, Lyle},
  title     = {Beyond Binary Labels: Political Ideology Prediction of Twitter Users},
  booktitle = {Proceedings of ACL'17 (Volume 1: Long Papers)},
  year      = {2017},
  pages     = {729--740},
}


@InProceedings{pietro:COLING18,
  author = 	"Preo{\c{t}}iuc-Pietro, Daniel
		and Ungar, Lyle",
  title = 	"User-Level Race and Ethnicity Predictors from Twitter Text",
  booktitle = 	"Proceedings of COLING'18",
  year = 	"2018",
  pages = 	"1534--1545",
}

@inproceedings{tigunova2020charm,
  title={CHARM: Inferring Personal Attributes from Conversations},
  author={Tigunova, Anna and Yates, Andrew and Mirza, Paramita and Weikum, Gerhard},
  booktitle={Proceedings of the 2020 Conference on Empirical Methods in Natural Language Processing (EMNLP)},
  pages={5391--5404},
  year={2020}
}

@InProceedings{kim:ACL17:short,
  author    = {Kim, Sunghwan Mac  and  Xu, Qiongkai  and  Qu, Lizhen  and  Wan, Stephen  and  Paris, Cecile},
  title     = {Demographic Inference on Twitter using Recursive Neural Networks},
  booktitle = {Proceedings of ACL'17 (Volume 2: Short Papers)},
  year      = {2017},
  pages     = {471--477},
}

@article{dauphin2013zero,
  title={Zero-shot learning for semantic utterance classification},
  author={Dauphin, Yann N and Tur, Gokhan and Hakkani-Tur, Dilek and Heck, Larry},
  journal={arXiv preprint arXiv:1401.0509},
  year={2013}
}

@inproceedings{li2018deep,
  title={A deep relevance model for zero-shot document filtering},
  author={Li, Chenliang and Zhou, Wei and Ji, Feng and Duan, Yuguang and Chen, Haiqing},
  booktitle={Proceedings of the 56th Annual Meeting of the Association for Computational Linguistics (Volume 1: Long Papers)},
  pages={2300--2310},
  year={2018}
}

@InProceedings{vijayaraghavan:ACL17:short,
  author    = {Vijayaraghavan, Prashanth  and  Vosoughi, Soroush  and  Roy, Deb},
  title     = {Twitter Demographic Classification Using Deep Multi-modal Multi-task Learning},
  booktitle = {Proceedings of ACL'17 (Volume 2: Short Papers)},
  year      = {2017},
  pages     = {478--483},
}

@InProceedings{bayot:MOD17,
author = "Bayot, Roy Khristopher and Gon{\c{c}}alves, Teresa",
title = "Age and Gender Classification of Tweets Using Convolutional Neural Networks",
booktitle = "Machine Learning, Optimization, and Big Data",
year = "2018",
pages="337--348",
publisher="Springer International Publishing",
address="Cham",
isbn="978-3-319-72926-8"
}

@InProceedings{li-ritter-hovy:ACL14,
  author    = {Li, Jiwei  and  Ritter, Alan  and  Hovy, Eduard},
  title     = {Weakly Supervised User Profile Extraction from Twitter},
  booktitle = {Proceedings of ACL'14 (Volume 1: Long Papers)},
  year      = {2014},
  pages     = {165--174},
}

@InProceedings{priante-EtAl:2016,
  author    = {Priante, Anna  and  Hiemstra, Djoerd  and  van den Broek, Tijs  and  Saeed, Aaqib  and  Ehrenhard, Michel  and  Need, Ariana},
  title     = {\#WhoAmI in 160 Characters? Classifying Social Identities Based on Twitter Profile Descriptions},
  booktitle = {Proceedings of the First Workshop on NLP and Computational Social Science, EMNLP'16},
  year      = {2016},
  pages     = {55--65},
}

@inproceedings{fabian2015privacy,
  title={Privacy on Reddit? Towards Large-scale User Classification},
  author={Fabian, Benjamin and Baumann, Annika and Keil, Marian},
  booktitle={Proceedings of ECIS'15},
  year={2015}
}

@inproceedings{Peters:2018,
  author={Peters, Matthew E. and  Neumann, Mark and Iyyer, Mohit and Gardner, Matt and Clark, Christopher and Lee, Kenton and Zettlemoyer, Luke},
  title={Deep contextualized word representations},
  booktitle={Proc. of NAACL},
  year={2018}
}

@InProceedings{gjurkovic-EtAl:2018,
  author = 	"Gjurkovi{\'{c}}, Matej
		and {\v{S}}najder, Jan",
  title = 	"Reddit: A Gold Mine for Personality Prediction",
  booktitle = 	"Proceedings of the 2nd Workshop on Comp. Modeling of People's Opinions, Personality, and Emotions in Social Media, NAACL-HLT'18",
  year = 	"2018",
  pages = 	"87--97",
}

@article{robertson1995okapi,
  title={Okapi at TREC-3},
  author={Robertson, Stephen E and Walker, Steve and Jones, Susan and Hancock-Beaulieu, Micheline M and Gatford, Mike and others},
  journal={Nist Special Publication Sp},
  volume={109},
  year={1995},
  publisher={NATIONAL INSTIUTE OF STANDARDS \& TECHNOLOGY}
}

@article{devlin2018bert,
  title={Bert: Pre-training of deep bidirectional transformers for language understanding},
  author={Devlin, Jacob and Chang, Ming-Wei and Lee, Kenton and Toutanova, Kristina},
  journal={arXiv preprint arXiv:1810.04805},
  year={2018}
}

@INPROCEEDINGS{busgeropvollenbroek:2016,
  AUTHOR =	 {Mart {Busger op Vollenbroek} and Talvany Carlotto and Tim Kreutz and Maria Medvedeva and Chris Pool and Johannes Bjerva and Hessel Haagsma and Malvina Nissim},
  BOOKTITLE =	 {{CLEF 2016 Evaluation Labs and Workshop -- Working Notes Papers, 5-8 September, {\'E}vora, Portugal}},
  TITLE =	 {{GronUP: Groningen User Profiling---Notebook for PAN at CLEF 2016}},
  YEAR =	 {2016},
}

@INPROCEEDINGS{basile:2017,
  AUTHOR =	 {Angelo Basile and Gareth Dwyer and Maria Medvedeva and Josine Rawee and Hessel Haagsma and Malvina Nissim},
  BOOKTITLE =	 {{CLEF 2017 Evaluation Labs and Workshop -- Working Notes Papers}},
  TITLE =	 {{N-GrAM: New Groningen Author-profiling Model---Notebook for PAN at CLEF 2017}},
  URL =		 {http://ceur-ws.org/Vol-1866/},
  YEAR =	 {2017},
}

@INPROCEEDINGS{stein:2017l,
        ADDRESS            = {Berlin Heidelberg New York},
        AUTHOR             = {Martin Potthast and Francisco Rangel and Michael Tschuggnall and Efstathios Stamatatos and Paolo Rosso and Benno Stein},
        BOOKTITLE          = {Experimental IR Meets Multilinguality, Multimodality, and Interaction. 7th International Conference of the CLEF Initiative (CLEF 17)},
        TITLE              = {{Overview of PAN'17: Author Identification, Author Profiling, and Author Obfuscation}},
        YEAR               = {2017}
}

@INPROCEEDINGS{stein:2017o,
        AUTHOR             = {{Francisco Manuel} and {Rangel Pardo} and Paolo Rosso and Martin Potthast and Benno Stein},
        BOOKTITLE          = {Working Notes Papers of the CLEF 2017 Evaluation Labs},
        TITLE              = {{Overview of the 5th Author Profiling Task at PAN 2017: Gender and Language Variety Identification in Twitter}},
        URL                = {http://ceur-ws.org/Vol-1866/},
        YEAR               = {2017},
}

@article{pennebaker2001linguistic,
  title={Linguistic inquiry and word count: LIWC 2001},
  author={Pennebaker, James W and Francis, Martha E and Booth, Roger J},
  journal={Mahway: Lawrence Erlbaum Associates},
  volume={71},
  number={2001},
  pages={2001},
  year={2001}
}

@InProceedings{pennington2014glove,
  Title                    = {{GloVe: Global Vectors for Word Representation}},
  Author                   = {Jeffrey Pennington and Richard Socher and Christopher D. Manning},
  Booktitle                = {Proceedings of EMNLP'14},
  Year                     = {2014},
  Pages                    = {1532--1543},
}

@techreport{41880,
title	= {One Billion Word Benchmark for Measuring Progress in Statistical Language Modeling},
author	= {Ciprian Chelba and Tomas Mikolov and Mike Schuster and Qi Ge and Thorsten Brants and Phillipp Koehn and Tony Robinson},
year	= {2013},
URL	= {http://arxiv.org/abs/1312.3005},
institution	= {Google}
}


@inproceedings{xiong2017end,
 author = {Xiong, Chenyan and Dai, Zhuyun and Callan, Jamie and Liu, Zhiyuan and Power, Russell},
 title = {End-to-End Neural Ad-hoc Ranking with Kernel Pooling},
 booktitle = {Proceedings of SIGIR'17},
 year = {2017},
}

@inproceedings{ramos2003using,
  title={Using tf-idf to determine word relevance in document queries},
  author={Ramos, Juan and others},
  booktitle={Proceedings of the first instructional conference on machine learning},
  volume={242},
  pages={133--142},
  year={2003},
  organization={Piscataway, NJ}
}

@article{matsuo2004keyword,
  title={Keyword extraction from a single document using word co-occurrence statistical information},
  author={Matsuo, Yutaka and Ishizuka, Mitsuru},
  journal={International Journal on Artificial Intelligence Tools},
  volume={13},
  number={01},
  pages={157--169},
  year={2004},
  publisher={World Scientific}
}

@article{rose2010automatic,
  title={Automatic keyword extraction from individual documents},
  author={Rose, Stuart and Engel, Dave and Cramer, Nick and Cowley, Wendy},
  journal={Text mining: applications and theory},
  volume={1},
  pages={1--20},
  year={2010},
  publisher={Wiley, New York.< author}
}

@inproceedings{campos2018yake,
  title={YAKE! collection-independent automatic keyword extractor},
  author={Campos, Ricardo and Mangaravite, V{\'\i}tor and Pasquali, Arian and Jorge, Al{\'\i}pio M{\'a}rio and Nunes, C{\'e}lia and Jatowt, Adam},
  booktitle={European Conference on Information Retrieval},
  pages={806--810},
  year={2018},
  organization={Springer}
}

@inproceedings{mihalcea2004textrank,
  title={Textrank: Bringing order into text},
  author={Mihalcea, Rada and Tarau, Paul},
  booktitle={Proceedings of EMNLP'04},
  pages={404--411},
  year={2004}
}

@article{brin1998anatomy,
  title={The anatomy of a large-scale hypertextual web search engine},
  author={Brin, Sergey and Page, Lawrence},
  journal={Computer networks and ISDN systems},
  volume={30},
  number={1-7},
  pages={107--117},
  year={1998},
  publisher={Elsevier}
}

@article{williams1992simple,
  title={Simple statistical gradient-following algorithms for connectionist reinforcement learning},
  author={Williams, Ronald J},
  journal={Machine learning},
  volume={8},
  number={3-4},
  pages={229--256},
  year={1992},
  publisher={Springer}
}

@inproceedings{tigunova2021exploring,
  title={Exploring Personal Knowledge Extraction from Conversations with CHARM},
  author={Tigunova, Anna and Mirza, Paramita and Yates, Andrew and Weikum, Gerhard},
  booktitle={Proceedings of the 14th ACM International Conference on Web Search and Data Mining},
  pages={1077--1080},
  year={2021}
}

@inproceedings{sutton2000policy,
  title={Policy gradient methods for reinforcement learning with function approximation},
  author={Sutton, Richard S and McAllester, David A and Singh, Satinder P and Mansour, Yishay},
  booktitle={Advances in neural information processing systems},
  pages={1057--1063},
  year={2000}
}


@inproceedings{bougouin:hal-00917969,
  TITLE = {{TopicRank: Graph-Based Topic Ranking for Keyphrase Extraction}},
  AUTHOR = {Bougouin, Adrien and Boudin, Florian and Daille, B{\'e}atrice},
  URL = {https://hal.archives-ouvertes.fr/hal-00917969},
  BOOKTITLE = {{Proceedings of IJCNLP'13}},
  PAGES = {543-551},
  YEAR = {2013},
}

@inproceedings{tigunova:ham:2019,
  author    = {Anna Tigunova and
               Andrew Yates and
               Paramita Mirza and
               Gerhard Weikum},
  title     = {Listening between the Lines: Learning Personal Attributes from Conversations},
  booktitle = {Proceedings of {WWW}'19},
  pages     = {1818--1828},
  year      = {2019},
}

@InProceedings{jing-kambhatla-roukos:2007:ACLMain,
  author    = {Jing, Hongyan  and  Kambhatla, Nanda  and  Roukos, Salim},
  title     = {Extracting Social Networks and Biographical Facts From Conversational Speech Transcripts},
  booktitle = {Proceedings of ACL'07},
  month     = {June},
  year      = {2007},
}

@InProceedings{garera-yarowsky:2009:ACLIJCNLP,
  author    = {Garera, Nikesh  and  Yarowsky, David},
  title     = {Modeling Latent Biographic Attributes in Conversational Genres},
  booktitle = {Proceedings of ACL/IJCNLP'09},
  month     = {August},
  year      = {2009},
}

@inproceedings{Li:2019:PTG:3308558.3313496,
 author = {Li, Piji and Wang, Zihao and Bing, Lidong and Lam, Wai},
 title = {Persona-Aware Tips Generation?},
 booktitle = {Proceedings of {WWW}'19},
 month = {May},
 year = {2019},
 pages = {1006--1016},
} 

@inproceedings{Zeng:2019:ADO:3289600.3291038,
 author = {Zeng, Zhaohao and Song, Ruihua and Lin, Pingping and Sakai, Tetsuya},
 title = {Attitude Detection for One-Round Conversation: Jointly Extracting Target-Polarity Pairs},
 booktitle = {Proceedings of WSDM'19},
 year = {2019},
 pages = {285--293},
} 

@inproceedings{Li:2017:DMN:3018661.3018714,
 author = {Li, Cheng and Guo, Xiaoxiao and Mei, Qiaozhu},
 title = {Deep Memory Networks for Attitude Identification},
 booktitle = {Proceedings of WSDM'17},
 year = {2017},
 pages = {671--680},
} 

@inproceedings{Zhu:2019:HAR:3308558.3313699,
 author = {Zhu, Ming and Ahuja, Aman and Wei, Wei and Reddy, Chandan K.},
 title = {A Hierarchical Attention Retrieval Model for Healthcare Question Answering},
 booktitle = {Proceedings of {WWW}'19},
 year = {2019},
 pages = {2472--2482},
}

@inproceedings{kratzwald-feuerriegel-2018-adaptive,
    title = "Adaptive Document Retrieval for Deep Question Answering",
    author = "Kratzwald, Bernhard  and
      Feuerriegel, Stefan",
    booktitle = "Proceedings of EMNLP'18",
    year = "2018",
    pages = "576--581",
}

@inproceedings{Cui:2005:QAP:1076034.1076103,
 author = {Cui, Hang and Sun, Renxu and Li, Keya and Kan, Min-Yen and Chua, Tat-Seng},
 title = {Question Answering Passage Retrieval Using Dependency Relations},
 booktitle = {Proceedings of SIGIR'05},
 year = {2005},
 pages = {400--407},
} 

@inproceedings{surdeanu-etal-2008-learning,
    title = "Learning to Rank Answers on Large Online {QA} Collections",
    author = "Surdeanu, Mihai  and
      Ciaramita, Massimiliano  and
      Zaragoza, Hugo",
    booktitle = "Proceedings of ACL-08: HLT",
    year = "2008",
    pages = "719--727",
}

@inproceedings{Yang:2016:ARS:2983323.2983818,
 author = {Yang, Liu and Ai, Qingyao and Guo, Jiafeng and Croft, W. Bruce},
 title = {aNMM: Ranking Short Answer Texts with Attention-Based Neural Matching Model},
 booktitle = {Proceedings of CIKM'16},
 year = {2016},
 pages = {287--296},
} 

@inproceedings{feng-etal-2019-learning,
    title = "Learning a Matching Model with Co-teaching for Multi-turn Response Selection in Retrieval-based Dialogue Systems",
    author = "Feng, Jiazhan  and
      Tao, Chongyang  and
      Wu, Wei  and
      Feng, Yansong  and
      Zhao, Dongyan  and
      Yan, Rui",
    booktitle = "Proceedings ACL'19",
    year = "2019",
    pages = "3805--3815",
}

@inproceedings{zhang2018learning,
  title={Learning structured representation for text classification via reinforcement learning},
  author={Zhang, Tianyang and Huang, Minlie and Zhao, Li},
  booktitle={Thirty-Second AAAI Conference on Artificial Intelligence},
  year={2018}
}

@article{liu2020knowledge,
  title={Knowledge-guided Open Attribute Value Extraction with Reinforcement Learning},
  author={Liu, Ye and Zhang, Sheng and Song, Rui and Feng, Suo and Xiao, Yanghua},
  journal={arXiv preprint arXiv:2010.09189},
  year={2020}
}

@inproceedings{chen2018joint,
  title={Joint learning with keyword extraction for event detection in social media},
  author={Chen, Guandan and Mao, Wenji and Kong, Qingchao and Han, Han},
  booktitle={2018 IEEE International Conference on Intelligence and Security Informatics (ISI)},
  pages={214--219},
  year={2018},
  organization={IEEE}
}

@inproceedings{wang2019aspect,
  title={Aspect-level sentiment classification with reinforcement learning},
  author={Wang, Tingting and Zhou, Jie and Hu, Qinmin Vivian and He, Liang},
  booktitle={2019 International Joint Conference on Neural Networks (IJCNN)},
  pages={1--8},
  year={2019},
  organization={IEEE}
}

@inproceedings{fang2019joint,
  title={Joint entity linking with deep reinforcement learning},
  author={Fang, Zheng and Cao, Yanan and Li, Qian and Zhang, Dongjie and Zhang, Zhenyu and Liu, Yanbing},
  booktitle={The World Wide Web Conference},
  pages={438--447},
  year={2019}
}

@inproceedings{Tao:2019:MFN:3289600.3290985,
 author = {Tao, Chongyang and Wu, Wei and Xu, Can and Hu, Wenpeng and Zhao, Dongyan and Yan, Rui},
 title = {Multi-Representation Fusion Network for Multi-Turn Response Selection in Retrieval-Based Chatbots},
 booktitle = {Proceedings of WSDM'19},
 year = {2019},
 pages = {267--275},
} 

@article{kandasamy2017batch,
  title={Batch policy gradient methods for improving neural conversation models},
  author={Kandasamy, Kirthevasan and Bachrach, Yoram and Tomioka, Ryota and Tarlow, Daniel and Carter, David},
  journal={arXiv preprint arXiv:1702.03334},
  year={2017}
}

@inproceedings{qu2019learning,
  title={Learning to selectively transfer: Reinforced transfer learning for deep text matching},
  author={Qu, Chen and Ji, Feng and Qiu, Minghui and Yang, Liu and Min, Zhiyu and Chen, Haiqing and Huang, Jun and Croft, W Bruce},
  booktitle={Proceedings of the Twelfth ACM International Conference on Web Search and Data Mining},
  pages={699--707},
  year={2019}
}

@article{DBLP:journals/corr/abs-1904-08375,
  author    = {Rodrigo Nogueira and
               Wei Yang and
               Jimmy Lin and
               Kyunghyun Cho},
  title     = {Document Expansion by Query Prediction},
  journal   = {CoRR},
  volume    = {abs/1904.08375},
  year      = {2019},
  url       = {http://arxiv.org/abs/1904.08375},
}

@inproceedings{Luo2019Personalized,
  author = {Luo, Liangchen and Huang, Wenhao and Zeng, Qi and Nie, Zaiqing and Sun, Xu},
  title = {Learning Personalized End-to-End Goal-Oriented Dialog},
  booktitle = {Proceedings of AAAI'19},
  month = {January},
  year = {2019},
}

@inproceedings{chen2017reading,
  title={Reading Wikipedia to Answer Open-Domain Questions},
  author={Chen, Danqi and Fisch, Adam and Weston, Jason and Bordes, Antoine},
  booktitle={Proceedings of ACL'17 (Volume 1: Long Papers)},
  pages={1870--1879},
  year={2017}
}

@inproceedings{wang2018r,
  title={R 3: Reinforced ranker-reader for open-domain question answering},
  author={Wang, Shuohang and Yu, Mo and Guo, Xiaoxiao and Wang, Zhiguo and Klinger, Tim and Zhang, Wei and Chang, Shiyu and Tesauro, Gerry and Zhou, Bowen and Jiang, Jing},
  booktitle={Proceedings of AAAI'18},
  year={2018}
}

@inproceedings{yang2019end,
    title = "End-to-End Open-Domain Question Answering with {BERT}serini",
    author = "Yang, Wei  and
      Xie, Yuqing  and
      Lin, Aileen  and
      Li, Xingyu  and
      Tan, Luchen  and
      Xiong, Kun  and
      Li, Ming  and
      Lin, Jimmy",
    booktitle = "Proceedings of NAACL-HLT'19 (Demonstrations)",
    year = "2019",
    pages = "72--77",
}

@inproceedings{liu-etal-2009-unsupervised,
    title = "Unsupervised Approaches for Automatic Keyword Extraction Using Meeting Transcripts",
    author = "Liu, Feifan  and
      Pennell, Deana  and
      Liu, Fei  and
      Liu, Yang",
    booktitle = "Proceedings of NAACL-HLT'09",
    year = "2009",
    pages = "620--628",
}

@ARTICLE{7045531, 
author={M. {Habibi} and A. {Popescu-Belis}}, 
journal={IEEE/ACM Transactions on Audio, Speech, and Language Processing}, 
title={Keyword Extraction and Clustering for Document Recommendation in Conversations}, 
year={2015}, 
volume={23}, 
number={4}, 
pages={746-759},
}

@inproceedings{kim-baldwin-2012-extracting,
    title = "Extracting Keywords from Multi-party Live Chats",
    author = "Kim, Su Nam  and
      Baldwin, Timothy",
    booktitle = "Proceedings of PACLIC'12",
    year = "2012",
    pages = "199--208",
}

@inproceedings{Zhao:2011:TKE:2002472.2002521,
 author = {Zhao, Wayne Xin and Jiang, Jing and He, Jing and Song, Yang and Achananuparp, Palakorn and Lim, Ee-Peng and Li, Xiaoming},
 title = {Topical Keyphrase Extraction from Twitter},
 booktitle = {Proceedings of ACL-HLT'11},
    year = "2011",
    pages = "379--388",
} 

@inproceedings{wu-etal-2010-automatic-generation,
    title = "Automatic Generation of Personalized Annotation Tags for Twitter Users",
    author = "Wu, Wei  and
      Zhang, Bin  and
      Ostendorf, Mari",
    booktitle = "Proceedings of NAACL-HLT'10",
    year = "2010",
}

@inproceedings{Budzik:2000:UIE:325737.325776,
 author = {Budzik, Jay and Hammond, Kristian J.},
 title = {User Interactions with Everyday Applications As Context for Just-in-time Information Access},
 booktitle = {Proceedings of the 5th International Conference on Intelligent User Interfaces},
 series = {IUI'00},
 year = {2000},
 pages = {44--51},
} 

@inproceedings{Witten:1999:KPA:313238.313437,
 author = {Witten, Ian H. and Paynter, Gordon W. and Frank, Eibe and Gutwin, Carl and Nevill-Manning, Craig G.},
 title = {KEA: Practical Automatic Keyphrase Extraction},
 booktitle = {Proceedings of the Fourth ACM Conference on Digital Libraries},
 series = {DL '99},
 year = {1999},
 pages = {254--255},
} 

@inproceedings{hasan-ng-2014-automatic,
    title = "Automatic Keyphrase Extraction: A Survey of the State of the Art",
    author = "Hasan, Kazi Saidul  and
      Ng, Vincent",
    booktitle = "Proceedings of ACL'14 (Volume 1: Long Papers)",
    year = "2014",
}

@inproceedings{zhang-etal-2016-keyphrase,
    title = "Keyphrase Extraction Using Deep Recurrent Neural Networks on Twitter",
    author = "Zhang, Qi  and
      Wang, Yang  and
      Gong, Yeyun  and
      Huang, Xuanjing",
    booktitle = "Proceedings of EMNLP'16",
    year = "2016",
    pages = "836--845",
}

@article{Robertson:2009:PRF:1704809.1704810,
 author = {Robertson, Stephen and Zaragoza, Hugo},
 title = {The Probabilistic Relevance Framework: BM25 and Beyond},
 journal = {Found. Trends Inf. Retr.},
 volume = {3},
 number = {4},
 year = {2009},
 issn = {1554-0669},
 pages = {333--389},
 publisher = {Now Publishers Inc.},
 address = {Hanover, MA, USA},
} 

@InProceedings{copacrr,
  title={Co-PACRR: A Context-Aware Neural IR Model for Ad-hoc Retrieval},
  author={Hui, Kai and Yates, Andrew and Berberich, Klaus and de Melo, Gerard},
  booktitle = {WSDM 2018: The Eleventh ACM International Conference on Web Search and Data Mining},
  year      = {2018},
}

@inproceedings{Balog:2019:TSE:3331184.3331211,
 author = {Balog, Krisztian and Radlinski, Filip and Arakelyan, Shushan},
 title = {Transparent, Scrutable and Explainable User Models for Personalized Recommendation},
 booktitle = {Proceedings of SIGIR'19},
 year = {2019},
 pages = {265--274},
} 

@inproceedings{zero-shot15,
author = {Ba, Jimmy and Swersky, Kevin and Fidler, Sanja and Salakhutdinov, Ruslan},
year = {2015},
month = {12},
pages = {4247-4255},
title = {Predicting Deep Zero-Shot Convolutional Neural Networks Using Textual Descriptions},
booktitle = {Proceedings of the 2015 IEEE International Conference on Computer Vision (ICCV)},
doi = {10.1109/ICCV.2015.483}
}

@article{Ratner_2017,
   title={Snorkel},
   volume={11},
   ISSN={2150-8097},
   url={http://dx.doi.org/10.14778/3157794.3157797},
   DOI={10.14778/3157794.3157797},
   number={3},
   journal={Proceedings of the VLDB Endowment},
   publisher={VLDB Endowment},
   author={Ratner, Alexander and Bach, Stephen H. and Ehrenberg, Henry and Fries, Jason and Wu, Sen and Ré, Christopher},
   year={2017},
   month={Nov},
   pages={269–282}
}

@inproceedings{fast2016empath,
  title={Empath: Understanding topic signals in large-scale text},
  author={Fast, Ethan and Chen, Binbin and Bernstein, Michael S},
  booktitle={Proceedings of the 2016 CHI Conference on Human Factors in Computing Systems},
  pages={4647--4657},
  year={2016},
  organization={ACM}
}

@article{sanh2019distilbert,
  title={DistilBERT, a distilled version of BERT: smaller, faster, cheaper and lighter},
  author={Sanh, Victor and Debut, Lysandre and Chaumond, Julien and Wolf, Thomas},
  journal={arXiv preprint arXiv:1910.01108},
  year={2019}
}

@inproceedings{Welch19LookWhosTalking,
    author = {Welch, Charles and P{\'e}rez-Rosas, Ver{\'o}nica and Kummerfeld, Jonathan K. and Mihalcea, Rada},
    title = {Look Who's Talking: Inferring Speaker Attributes from Personal Longitudinal Dialog},
    booktitle = {Proceedings of CICLing'19},
    address = {La Rochelle, France},
    year = {2019}
}

@InProceedings{welch2019look,
  title     = {Look Who's Talking: Inferring Speaker Attributes from Personal Longitudinal Dialog},
  year      = {2019},
  author    = {Charles Welch and Ver{\'o}nica P{\'e}rez-Rosas and Jonathan K. Kummerfeld and Rada Mihalcea},
  address   = {La Rochelle, France},
  booktitle = {Proceedings of CICLing},
  publisher = {Springer},
  month     = {April},
  awards    = {Best Student Paper Award},
  url       = {https://arxiv.org/abs/1904.11610},
  arxiv     = {https://arxiv.org/abs/1904.11610},
}

@article{guu2020realm,
  title={Realm: Retrieval-augmented language model pre-training},
  author={Guu, Kelvin and Lee, Kenton and Tung, Zora and Pasupat, Panupong and Chang, Ming-Wei},
  journal={arXiv preprint arXiv:2002.08909},
  year={2020}
}

@article{wang2019survey,
  title={A survey of zero-shot learning: Settings, methods, and applications},
  author={Wang, Wei and Zheng, Vincent W and Yu, Han and Miao, Chunyan},
  journal={ACM Transactions on Intelligent Systems and Technology (TIST)},
  volume={10},
  number={2},
  pages={1--37},
  year={2019},
  publisher={ACM New York, NY, USA}
}

@article{levy2017zero,
  title={Zero-shot relation extraction via reading comprehension},
  author={Levy, Omer and Seo, Minjoon and Choi, Eunsol and Zettlemoyer, Luke},
  journal={arXiv preprint arXiv:1706.04115},
  year={2017}
}

@inproceedings{pasupat2014zero,
  title={Zero-shot entity extraction from web pages},
  author={Pasupat, Panupong and Liang, Percy},
  booktitle={Proceedings of the 52nd Annual Meeting of the Association for Computational Linguistics (Volume 1: Long Papers)},
  pages={391--401},
  year={2014}
}

@inproceedings{abel2011analyzing,
  title={Analyzing user modeling on twitter for personalized news recommendations},
  author={Abel, Fabian and Gao, Qi and Houben, Geert-Jan and Tao, Ke},
  booktitle={ACM UMAP'11},
  pages={1--12},
  year={2011},
  organization={Springer}
}

@inproceedings{yazdani2015model,
  title={A model of zero-shot learning of spoken language understanding},
  author={Yazdani, Majid and Henderson, James},
  booktitle={Proceedings of the 2015 Conference on Empirical Methods in Natural Language Processing},
  pages={244--249},
  year={2015}
}

@article{zhang2019integrating,
  title={Integrating semantic knowledge to tackle zero-shot text classification},
  author={Zhang, Jingqing and Lertvittayakumjorn, Piyawat and Guo, Yike},
  journal={arXiv preprint arXiv:1903.12626},
  year={2019}
}

@article{bando2019twitter,
  title={Twitter User’s Hobby Estimation Based on Sequential Statements Using Deep Neural Networks},
  author={Bando, Koji and Matsumoto, Kazuyuki and Yoshida, Minoru and Kita, Kenji},
  journal={International Journal of Machine Learning and Computing},
  volume={9},
  number={2},
  year={2019}
}

@inproceedings{dai2019deeper,
  title={Deeper text understanding for IR with contextual neural language modeling},
  author={Dai, Zhuyun and Callan, Jamie},
  booktitle={Proceedings of the 42nd International ACM SIGIR Conference on Research and Development in Information Retrieval},
  pages={985--988},
  year={2019}
}

@article{nogueira2019passage,
  title={Passage Re-ranking with BERT},
  author={Nogueira, Rodrigo and Cho, Kyunghyun},
  journal={arXiv preprint arXiv:1901.04085},
  year={2019}
}

@inproceedings{larochelle2008zero,
  title={Zero-data learning of new tasks.},
  author={Larochelle, Hugo and Erhan, Dumitru and Bengio, Yoshua},
  booktitle={AAAI},
  volume={1},
  number={2},
  pages={3},
  year={2008}
}

@inproceedings{palatucci2009zero,
  title={Zero-shot learning with semantic output codes},
  author={Palatucci, Mark and Pomerleau, Dean and Hinton, Geoffrey E and Mitchell, Tom M},
  booktitle={Advances in neural information processing systems},
  pages={1410--1418},
  year={2009}
}

@inproceedings{van2017reply,
  title={Reply with: Proactive recommendation of email attachments},
  author={Van Gysel, Christophe and Mitra, Bhaskar and Venanzi, Matteo and Rosemarin, Roy and Kukla, Grzegorz and Grudzien, Piotr and Cancedda, Nicola},
  booktitle={Proceedings of the 2017 ACM on Conference on Information and Knowledge Management},
  pages={327--336},
  year={2017}
}
