@article{datta2015automated,
  title={Automated Experiments on Ad Privacy Settings},
  author={Datta, Amit and Tschantz, Michael Carl and Datta, Anupam},
  journal={Proceedings on Privacy Enhancing Technologies},
  volume={2015},
  number={1},
  pages={92--112},
  year={2015}
}

@article{zheng2019personalized,
  title={Personalized Dialogue Generation with Diversified Traits},
  author={Zheng, Yinhe and Chen, Guanyi and Huang, Minlie and Liu, Song and Zhu, Xuan},
  journal={arXiv preprint arXiv:1901.09672},
  year={2019}
}

@article{ali2019discrimination,
  title={Discrimination through optimization: How Facebook's Ad delivery can lead to biased outcomes},
  author={Ali, Muhammad and Sapiezynski, Piotr and Bogen, Miranda and Korolova, Aleksandra and Mislove, Alan and Rieke, Aaron},
  journal={Proceedings of the ACM on Human-Computer Interaction},
  volume={3},
  number={CSCW},
  pages={1--30},
  year={2019},
  publisher={ACM New York, NY, USA}
}

@inproceedings{liesenfeld2020predicting,
  title={Predicting gender and age categories in English conversations using lexical, non-lexical, and turn-taking features},
  author={Liesenfeld, Andreas and Parti, G{\'a}bor and Hsu, Yuyin and Huang, Chu-Ren},
  booktitle={Proceedings of the 34th Pacific Asia Conference on Language, Information and Computation},
  pages={157--166},
  year={2020}
}

@inproceedings{preoctiuc2017beyond,
  title={Beyond binary labels: political ideology prediction of twitter users},
  author={Preo{\c{t}}iuc-Pietro, Daniel and Liu, Ye and Hopkins, Daniel and Ungar, Lyle},
  booktitle={Proceedings of the 55th Annual Meeting of the Association for Computational Linguistics (Volume 1: Long Papers)},
  pages={729--740},
  year={2017}
}

@inproceedings{wu2020getting,
  title={Getting To Know You: User Attribute Extraction from Dialogues},
  author={Wu, Chien-Sheng and Madotto, Andrea and Lin, Zhaojiang and Xu, Peng and Fung, Pascale},
  booktitle={Proceedings of the 12th Language Resources and Evaluation Conference},
  pages={581--589},
  year={2020}
}

@article{vannur2020data,
  title={Data Augmentation for Personal Knowledge Base Population},
  author={Vannur, Lingraj S and Ganesan, Balaji and Nagalapatti, Lokesh and Patel, Hima and Thippeswamy, MN},
  journal={arXiv preprint arXiv:2002.10943},
  year={2020}
}

@inproceedings{yen2019personal,
  title={Personal Knowledge Base Construction from Text-based Lifelogs},
  author={Yen, An-Zi and Huang, Hen-Hsen and Chen, Hsin-Hsi},
  booktitle={Proceedings of the 42nd International ACM SIGIR Conference on Research and Development in Information Retrieval},
  pages={185--194},
  year={2019}
}

@inproceedings{kao2021convlogminer,
  title={ConvLogMiner: A Real-Time Conversational Lifelog Miner},
  author={Kao, Pei-Wei and Yen, An-Zi and Huang, Hen-Hsen and Chen, Hsin-Hsi},
  booktitle={Proceedings of the 30th International Joint Conference on Artificial Intelligence},
  year={2021}
}

@inproceedings{balog2019personal,
  title={Personal knowledge graphs: A research agenda},
  author={Balog, Krisztian and Kenter, Tom},
  booktitle={Proceedings of the 2019 ACM SIGIR International Conference on Theory of Information Retrieval},
  pages={217--220},
  year={2019}
}

@InProceedings{li2016persona,
  title={A persona-based neural conversation model},
  author={Li, Jiwei and Galley, Michel and Brockett, Chris and Spithourakis, Georgios P and Gao, Jianfeng and Dolan, Bill},
  journal={Proceedings of ACL'16},
  year={2016}
}

@article{welch2019look,
  title={Look who's talking: Inferring speaker attributes from personal longitudinal dialog},
  author={Welch, Charles and P{\'e}rez-Rosas, Ver{\'o}nica and Kummerfeld, Jonathan K and Mihalcea, Rada},
  journal={arXiv preprint arXiv:1904.11610},
  year={2019}
}

@inproceedings{gerritse2020bias,
  title={Bias in conversational search: The double-edged sword of the personalized knowledge graph},
  author={Gerritse, Emma J and Hasibi, Faegheh and de Vries, Arjen P},
  booktitle={Proceedings of the 2020 ACM SIGIR on International Conference on Theory of Information Retrieval},
  pages={133--136},
  year={2020}
}

@inproceedings{AIIDElin11,
  author    = {Grace I. Lin and
               Marilyn A. Walker},
  title     = {All the World's a Stage: Learning Character Models from Film},
  booktitle = {Proceedings of {AIIDE}'11},
  year      = {2011}
}

@InProceedings{dial7,
  title={Personal knowledge graph population from user utterances in conversational understanding},
  author={Xiang Li and G{\"o}khan T{\"u}r and Dilek Z. Hakkani-T{\"u}r and Qi Li},
  booktitle={Proceedings of IEEE Spoken Language Technology Workshop (SLT)},
  year={2014}
}

@article{bontcheva2014making,
  title={Making sense of social media streams through semantics: a survey},
  author={Bontcheva, Kalina and Rout, Dominic},
  journal={Semantic Web},
  volume={5},
  number={5},
  pages={373--403},
  year={2014},
  publisher={IOS Press}
}

@inproceedings{flekova:ACL16:long,
 address = {Berlin, Germany},
 author = {Flekova, Lucie  and
Carpenter, Jordan  and
Giorgi, Salvatore  and
Ungar, Lyle  and
Preo{\c{t}}iuc-Pietro, Daniel},
 booktitle = {Proceedings of the 54th Annual Meeting of the Association for Computational Linguistics (Volume 1: Long Papers)},
 doi = {10.18653/v1/P16-1080},
 pages = {843--854},
 publisher = {Association for Computational Linguistics},
 title = {Analyzing Biases in Human Perception of User Age and Gender from Text},
 url = {https://www.aclweb.org/anthology/P16-1080},
 year = {2016}
}

@inproceedings{basile:2017,
 author = {Angelo Basile and Gareth Dwyer and Maria Medvedeva and Josine Rawee and Hessel Haagsma and Malvina Nissim},
 booktitle = {{CLEF 2017 Evaluation Labs and Workshop -- Working Notes Papers}},
 title = {{N-GrAM: New Groningen Author-profiling Model---Notebook for PAN at CLEF 2017}},
 url = {http://ceur-ws.org/Vol-1866/},
 year = {2017}
}