@article{li2016persona,
  title={A persona-based neural conversation model},
  author={Li, Jiwei and Galley, Michel and Brockett, Chris and Spithourakis, Georgios P and Gao, Jianfeng and Dolan, Bill},
  journal={arXiv preprint arXiv:1603.06155},
  year={2016}
}

@inproceedings{lin2011all,
  title={All the world's a stage: Learning character models from film},
  author={Lin, Grace and Walker, Marilyn},
  booktitle={Proceedings of the AAAI Conference on Artificial Intelligence and Interactive Digital Entertainment},
  volume={6},
  number={1},
  year={2011}
}

@article{danescu2011chameleons,
  title={Chameleons in imagined conversations: A new approach to understanding coordination of linguistic style in dialogs},
  author={Danescu-Niculescu-Mizil, Cristian and Lee, Lillian},
  journal={arXiv preprint arXiv:1106.3077},
  year={2011}
}

@inproceedings{gorinski2018s,
    title = "What{'}s This Movie About? A Joint Neural Network Architecture for Movie Content Analysis",
    author = "Gorinski, Philip John  and
      Lapata, Mirella",
    booktitle = "Proceedings of the 2018 Conference of the North {A}merican Chapter of the Association for Computational Linguistics: Human Language Technologies, Volume 1 (Long Papers)",
    month = jun,
    year = "2018",
    url = "https://www.aclweb.org/anthology/N18-1160",
    pages = "1770--1781",
}

@inproceedings{jia2020ddrel,
  title={{DDRel}: A New Dataset for Interpersonal Relation Classification in Dyadic Dialogues},
  author={Jia, Qi and Huang, Hongru and Zhu, Kenny Q},
  booktitle = {AAAI Conference on Artificial Intelligence},
  year={2021},
  url       = {https://arxiv.org/abs/2012.02553},
}

@article{massey2015annotating,
  title={Annotating character relationships in literary texts},
  author={Massey, Philip and Xia, Patrick and Bamman, David and Smith, Noah A},
  journal={arXiv preprint arXiv:1512.00728},
  year={2015},
  url       = {http://arxiv.org/abs/1512.00728},
}

@inproceedings{lee2010social,
    author = {Lee, Kyumin and Caverlee, James and Webb, Steve},
    title = {The Social Honeypot Project: Protecting Online Communities from Spammers},
    year = {2010},
    url = {https://doi.org/10.1145/1772690.1772843},
    booktitle = {Proceedings of the 19th International Conference on World Wide Web},
    pages = {1139–1140},
    series = {WWW '10}
}

@inproceedings{yu-etal-2020-dialogue,
    title = "Dialogue-Based Relation Extraction",
    author = "Yu, Dian  and
      Sun, Kai  and
      Cardie, Claire  and
      Yu, Dong",
    booktitle = "Proceedings of the 58th Annual Meeting of the Association for Computational Linguistics",
    month = jul,
    year = "2020",
    address = "Online",
    publisher = "Association for Computational Linguistics",
    url = "https://www.aclweb.org/anthology/2020.acl-main.444",
    doi = "10.18653/v1/2020.acl-main.444",
    pages = "4927--4940",
}

@inproceedings{chen2020mpdd,
    title = "{MPDD}: A Multi-Party Dialogue Dataset for Analysis of Emotions and Interpersonal Relationships",
    author = "Chen, Yi-Ting  and
      Huang, Hen-Hsen  and
      Chen, Hsin-Hsi",
    booktitle = "Proceedings of the 12th Language Resources and Evaluation Conference",
    month = may,
    year = "2020",
    url = "https://www.aclweb.org/anthology/2020.lrec-1.76",
    pages = "610--614",
}

@inproceedings{gjurkovic2018reddit,
  title={Reddit: A Gold Mine for Personality Prediction},
  author={Gjurkovi{\'c}, Matej and {\v{S}}najder, Jan},
  booktitle={Proceedings of the Second Workshop on Computational Modeling of People’s Opinions, Personality, and Emotions in Social Media},
  pages={87--97},
  year={2018}
}


@inproceedings{cohan2018smhd,
  title = {{"SMHD: a Large-Scale Resource for Exploring Online Language Usage for Multiple Mental Health Conditions"}},
    author = "Cohan, Arman  and
      Desmet, Bart  and
      Yates, Andrew  and
      Soldaini, Luca  and
      MacAvaney, Sean  and
      Goharian, Nazli",
    booktitle = "Proceedings of the 27th International Conference on Computational Linguistics",
    year = "2018",
}

@inproceedings{schrading2015analysis,
  title={An analysis of domestic abuse discourse on Reddit},
  author={Schrading, Nicolas and Alm, Cecilia Ovesdotter and Ptucha, Ray and Homan, Christopher},
  booktitle={Proceedings of the 2015 Conference on Empirical Methods in Natural Language Processing},
  pages={2577--2583},
  year={2015}
}

@inproceedings{wallace2014humans,
  title={Humans require context to infer ironic intent (so computers probably do, too)},
  author={Wallace, Byron C and Kertz, Laura and Charniak, Eugene and others},
  booktitle={Proceedings of the 52nd Annual Meeting of the Association for Computational Linguistics (Volume 2: Short Papers)},
  volume={2},
  pages={512--516},
  year={2014}
}

@inproceedings{cole2017,
author = {R. Cole, Jeremy and Ghafurian, Moojan and Reitter, David},
year = {2017},
month = {06},
pages = {236-241},
title = {Is Word Adoption a Grassroots Process? An Analysis of Reddit Communities},
isbn = {978-3-319-60239-4},
}

@inproceedings{Dang:2015:VFC:2808797.2808830,
 author = {Dang, Anh and Moh'd, Abidalrahman and Gruzd, Anatoliy and Milios, Evangelos and Minghim, Rosane},
 title = {A Visual Framework for Clustering Memes in Social Media},
 booktitle = {Proceedings of the 2015 IEEE/ACM International Conference on Advances in Social Networks Analysis and Mining 2015},
 series = {ASONAM '15},
 year = {2015},
 isbn = {978-1-4503-3854-7},
 location = {Paris, France},
 pages = {713--720},
 numpages = {8},
 url = {http://doi.acm.org/10.1145/2808797.2808830},
 doi = {10.1145/2808797.2808830},
 acmid = {2808830},
 publisher = {ACM},
 address = {New York, NY, USA},
} 

@mastersthesis{Vasilev2018,
  author      = {Evgenii Vasilev},
  title       = {Inferring Gender of Reddit Users},
  type        = {Master's Thesis},
  pages       = {78},
  school      = {Universit{\"a}t Koblenz-Landau, Universit{\"a}tsbibliothek},
  year        = {2018},
}

@inproceedings{mikolov2013distributed,
  title={Distributed representations of words and phrases and their compositionality},
  author={Mikolov, Tomas and Sutskever, Ilya and Chen, Kai and Corrado, Greg S and Dean, Jeff},
  booktitle={Advances in neural information processing systems},
  pages={3111--3119},
  year={2013}
}

@inproceedings{fast2016empath,
  title={Empath: Understanding topic signals in large-scale text},
  author={Fast, Ethan and Chen, Binbin and Bernstein, Michael S},
  booktitle={Proceedings of the 2016 CHI Conference on Human Factors in Computing Systems},
  pages={4647--4657},
  year={2016},
  organization={ACM}
}

@article{thelwall2018she,
title = "She's Reddit: A source of statistically significant gendered interest information?",
journal = "Information Processing & Management",
volume = "56",
number = "4",
pages = "1543 - 1558",
year = "2019",
issn = "0306-4573",
doi = "https://doi.org/10.1016/j.ipm.2018.10.007",
url = "http://www.sciencedirect.com/science/article/pii/S0306457318304692",
author = "Mike Thelwall and Emma Stuart"
}

@article{finlay2014age,
  title={Age and gender in Reddit commenting and success},
  author={Finlay, S Craig},
  year={2014},
  publisher={Journal of Information Science Theory and Practice}
}

@inproceedings{fabian2015privacy,
  title={Privacy on Reddit? Towards Large-scale User Classification},
  author={Fabian, Benjamin and Baumann, Annika and Keil, Marian},
  booktitle={Proceedings of ECIS'15},
  year={2015}
}

@inproceedings{tigunova2019listening,
  title={Listening between the Lines: Learning Personal Attributes from Conversations},
  author={Tigunova, Anna and Yates, Andrew and Mirza, Paramita and Weikum, Gerhard},
  booktitle={The Web Conference},
  year={2019},
  organization={ACM}
}

@inproceedings{fuhr2018some,
  title={Some common mistakes in IR evaluation, and how they can be avoided},
  author={Fuhr, Norbert},
  booktitle={ACM SIGIR Forum},
  volume={51},
  number={3},
  pages={32--41},
  year={2018},
  organization={ACM}
}

@Article{Kruskal1964,
author="Kruskal, J. B.",
title="Nonmetric multidimensional scaling: A numerical method",
journal="Psychometrika",
year="1964",
month="Jun",
day="01",
volume="29",
number="2",
pages="115--129",
abstract="We describe the numerical methods required in our approach to multi-dimensional scaling. The rationale of this approach has appeared previously.",
issn="1860-0980",
doi="10.1007/BF02289694",
url="https://doi.org/10.1007/BF02289694"
}

@article{schwartz2013personality,
  title={Personality, gender, and age in the language of social media: The open-vocabulary approach},
  author={Schwartz, H Andrew and Eichstaedt, Johannes C and Kern, Margaret L and Dziurzynski, Lukasz and Ramones, Stephanie M and Agrawal, Megha and Shah, Achal and Kosinski, Michal and Stillwell, David and Seligman, Martin EP and others},
  journal={PloS one},
  volume={8},
  number={9},
  pages={e73791},
  year={2013},
  publisher={Public Library of Science}
}

@inproceedings{rangel2015overview,
  title={Overview of the 3rd Author Profiling Task at PAN 2015},
  author={Rangel Pardo, Francisco Manuel and Celli, Fabio and Rosso, Paolo and Potthast, Martin and Stein, Benno and Daelemans, Walter},
  booktitle={CLEF 2015 Evaluation Labs and Workshop Working Notes Papers},
  pages={1--8},
  year={2015}
}

@inproceedings{gyrard2018personalized,
  title={Personalized Health Knowledge Graph},
  author={Gyrard, Amelie and Gaur, Manas and Shekarpour, Saeedeh and Thirunarayan, Krishnaprasad and Sheth, Amit},
  booktitle = {First International Workshop on Contextualized Knowledge Graphs},
  year = {2018}
}

@article{sloan2015tweets,
  title={Who tweets? Deriving the demographic characteristics of age, occupation and social class from Twitter user meta-data},
  author={Sloan, Luke and Morgan, Jeffrey and Burnap, Pete and Williams, Matthew},
  journal={PloS one},
  volume={10},
  number={3},
  pages={e0115545},
  year={2015},
  publisher={Public Library of Science}
}

@inproceedings{rao2010classifying,
  title={Classifying latent user attributes in twitter},
  author={Rao, Delip and Yarowsky, David and Shreevats, Abhishek and Gupta, Manaswi},
  booktitle={Proceedings of the 2nd international workshop on Search and mining user-generated contents},
  pages={37--44},
  year={2010},
  organization={ACM}
}

 @inproceedings{wieting,
  author    = {John Wieting and
               Mohit Bansal and
               Kevin Gimpel and
               Karen Livescu},
  title     = {Towards Universal Paraphrastic Sentence Embeddings},
  year={2016},
  month={May},
  booktitle = {Proceedings of ICLR'16},
}

@inproceedings{zhang2018personalizing,
  author    = {Saizheng Zhang and
               Emily Dinan and
               Jack Urbanek and
               Arthur Szlam and
               Douwe Kiela and
               Jason Weston},
  title     = {Personalizing Dialogue Agents: {I} have a dog, do you have pets too?},
  booktitle = {Proceedings of ACL'18 (Volume 1: Long Papers)},
  month     = {July},
  year      = {2018},
}

@inproceedings{stanford,
  author    = {Angeli, Gabor  and  Johnson Premkumar, Melvin Jose  and  Manning, Christopher D.},
  title     = {Leveraging Linguistic Structure For Open Domain Information Extraction},
  booktitle = {Proceedings of ACL/IJCNLP'15 (Volume 1: Long Papers)},
  month     = {July},
  year      = {2015},
}

@inproceedings{embed5,
  title={A simple but tough-to-beat baseline for sentence embeddings},
  author={Arora, Sanjeev and Liang, Yingyu and Ma, Tengyu},
  year={2017},
  month={April},
  booktitle = {Proceedings of ICLR'17},
}

@inproceedings{cnn,
  author = 	"Kim, Yoon",
  title = 	"Convolutional Neural Networks for Sentence Classification",
  booktitle = 	"Proceedings of EMNLP'14",
  year = 	"2014",
}

@Inbook{IEbasic,
author="Jiang, Jing",
editor="Aggarwal, Charu C.
and Zhai, ChengXiang",
title="Information Extraction from Text",
bookTitle="Mining Text Data",
year="2012",
isbn="978-1-4614-3223-4",
doi="10.1007/978-1-4614-3223-4_2",
}

@inproceedings{IEtrad,
 author = {Craven, Mark and DiPasquo, Dan and Freitag, Dayne and McCallum, Andrew and Mitchell, Tom and Nigam, Kamal and Slattery, Se\'{a}n},
 title = {Learning to Extract Symbolic Knowledge from the World Wide Web},
 booktitle = {Proceedings of {AAAI/IAAI'98}},
 year = {1998},
} 

@inproceedings{OpenIE,
 author = {Banko, Michele and Cafarella, Michael J. and Soderland, Stephen and Broadhead, Matt and Etzioni, Oren},
 title = {Open Information Extraction from the Web},
 booktitle = {Proceedings of IJCAI'07},
 year = {2007},
} 

@inproceedings{oie1,
  author    = {Wu, Fei  and  Weld, Daniel S.},
  title     = {Open Information Extraction Using Wikipedia},
  booktitle = {Proceedings of ACL'10},
  month     = {July},
  year      = {2010},
}

@inproceedings{oie2,
  author    = {Mausam  and  Schmitz, Michael  and  Soderland, Stephen  and  Bart, Robert  and  Etzioni, Oren},
  title     = {Open Language Learning for Information Extraction},
  booktitle = {Proceedings of EMNLP/CoNLL'12},
  month     = {July},
  year      = {2012},
}

@inproceedings{oie3,
  author    = {Fader, Anthony  and  Soderland, Stephen  and  Etzioni, Oren},
  title     = {Identifying Relations for Open Information Extraction},
  booktitle = {Proceedings of EMNLP'11},
  month     = {July},
  year      = {2011},
}

@inproceedings{ielstm,
  author    = {Miwa, Makoto  and  Bansal, Mohit},
  title     = {End-to-End Relation Extraction using LSTMs on Sequences and Tree Structures},
  booktitle = {Proceedings of ACL'16 (Volume 1: Long Papers)},
  month     = {August},
  year      = {2016},
}

@inproceedings{bot1,
	author = {Marjan Ghazvininejad and Chris Brockett and Ming-Wei Chang and Bill Dolan and Jianfeng Gao and Wen-tau Yih and Michel Galley},
	title = {A Knowledge-Grounded Neural Conversation Model},
	booktitle = {Proceedings of AAAI'18},
	year = {2018},
}

@inproceedings{dial1,
  author    = {Lison, Pierre  and  Bibauw, Serge},
  title     = {Not All Dialogues are Created Equal: Instance Weighting for Neural Conversational Models},
  booktitle = {Proceedings of the 18th Annual SIGdial Meeting on Discourse and Dialogue},
  month     = {August},
  year      = {2017},
}

@inproceedings{dial2,
	author = {Tom Young and Erik Cambria and Iti Chaturvedi and Hao Zhou and Subham Biswas and Minlie Huang},
	title = {Augmenting End-to-End Dialogue Systems With Commonsense Knowledge},
	booktitle = {Proceedings of AAAI'18},
	year = {2018},
}

@inproceedings{dial3,
  author    = {Zhou, Xiangyang  and  Dong, Daxiang  and  Wu, Hua  and  Zhao, Shiqi  and  Yu, Dianhai  and  Tian, Hao  and  Liu, Xuan  and  Yan, Rui},
  title     = {Multi-view Response Selection for Human-Computer Conversation},
  booktitle = {Proceedings of EMNLP'16},
  month     = {November},
  year      = {2016},
}

@inproceedings{dial4,
  author    = {Antoine Bordes and
  			   Y-Lan Boureau and
               Jason Weston},
  title     = {Learning End-to-End Goal-Oriented Dialog},
  year      = {2017},
  month     = {April},
  booktitle = {Proceedings of ICLR'17},
}

@inproceedings{dial5,
  title={A knowledge enhanced generative conversational service agent},
  author={Long, Yinong and Wang, Jianan and Xu, Zhen and Wang, Zongsheng and Wang, Baoxun and Wang, Zhuoran},
  booktitle={Proceedings of the 6th Dialog System Technology Challenges (DSTC6) Workshop},
  year={2017}
}

@inproceedings{dial6,
  author    = {Andrea Madotto and
               Chien-Sheng Wu and
               Pascale Fung},
  title     = {Mem2Seq: Effectively Incorporating Knowledge Bases into End-to-End Task-Oriented Dialog Systems},
  booktitle = {Proceedings of ACL'18 (Volume 1: Long Papers)},
  month     = {July},
  year      = {2018},
}

@inproceedings{dial7,
  title={Personal knowledge graph population from user utterances in conversational understanding},
  author={Xiang Li and G{\"o}khan T{\"u}r and Dilek Z. Hakkani-T{\"u}r and Qi Li},
  booktitle={Proceedings of IEEE Spoken Language Technology Workshop (SLT)},
  year={2014}
}

@inproceedings{dial8,
  author    = {Sordoni, Alessandro  and  Galley, Michel  and  Auli, Michael  and  Brockett, Chris  and  Ji, Yangfeng  and  Mitchell, Margaret  and  Nie, Jian-Yun  and  Gao, Jianfeng  and  Dolan, Bill},
  title     = {A Neural Network Approach to Context-Sensitive Generation of Conversational Responses},
  booktitle = {Proceedings of NAACL-HLT'15},
  year      = {2015},
}

@inproceedings{embed1,
 author = {Mikolov, Tomas and Sutskever, Ilya and Chen, Kai and Corrado, Greg and Dean, Jeffrey},
 title = {Distributed Representations of Words and Phrases and Their Compositionality},
 booktitle = {Proceedings of NIPS'13},
 year = {2013},
} 

@article{embed2,
        author = {Mo Yu and Mark Dredze},
        title = {Learning Composition Models for Phrase Embeddings},
        journal = {TACL},
        volume = {3},
        year = {2015},
        keywords = {},
        issn = {2307-387X},
}

@inproceedings{embed3,
  author    = {Zhou, Zhihao  and  Huang, Lifu  and  Ji, Heng},
  title     = {{Learning Phrase Embeddings from Paraphrases with GRUs}},
  booktitle = {Proceedings of the First Workshop on Curation and Applications of Parallel and Comparable Corpora},
  month     = {November},
  year      = {2017},
}

@article{deep,
  author    = {Tom Young and
               Devamanyu Hazarika and
               Soujanya Poria and
               Erik Cambria},
  title     = {Recent Trends in Deep Learning Based Natural Language Processing},
  journal   = {CoRR},
  volume    = {abs/1708.02709},
  year      = {2017},
}

@inproceedings{cnn1,
  author    = {Kalchbrenner, Nal  and  Grefenstette, Edward  and  Blunsom, Phil},
  title     = {A Convolutional Neural Network for Modelling Sentences},
  booktitle = {Proceedings of ACL'14 (Volume 1: Long Papers)},
  month     = {June},
  year      = {2014},
}

@incollection{cnn2,
 author = {Hu, Baotian and Lu, Zhengdong and Li, Hang and Chen, Qingcai},
 title = {Convolutional Neural Network Architectures for Matching Natural Language Sentences},
 booktitle = {Proceedings of NIPS'14},
 year = {2014},
}

@inproceedings{cnn3,
  author    = {Zhang, Ye  and  Wallace, Byron},
  title     = {A Sensitivity Analysis of (and Practitioners' Guide to) Convolutional Neural Networks for Sentence Classification},
  booktitle = {Proceedings of IJCNLP'17},
  month     = {November},
  year      = {2017},
}

@inproceedings{atten1,
	author = {Zhixing Tan and Mingxuan Wang and Jun Xie and Yidong Chen and Xiaodong Shi},
	title = {Deep Semantic Role Labeling With Self-Attention},
	booktitle = {Proceedings of AAAI'18},
	year = {2018},
}

@inproceedings{atten2,
  author    = {Zhou, Peng  and  Shi, Wei  and  Tian, Jun  and  Qi, Zhenyu  and  Li, Bingchen  and  Hao, Hongwei  and  Xu, Bo},
  title     = {Attention-Based Bidirectional Long Short-Term Memory Networks for Relation Classification},
  booktitle = {Proceedings of ACL'16 (Volume 2: Short Papers)},
  month     = {August},
  year      = {2016},
}

@article{atten3,
  author    = {Wenpeng Yin and
               Hinrich Sch{\"{u}}tze},
  title     = {Attentive Convolution},
  journal   = {CoRR},
  volume    = {abs/1710.00519},
  year      = {2017},
}

@article{atten4,
	author = {Yin, Wenpeng  and Sch{\"{u}}tze, Hinrich  and Xiang, Bing  and Zhou, Bowen },
	title = {{ABCNN}: Attention-Based Convolutional Neural Network for Modeling Sentence Pairs},
	journal = {TACL},
	volume = {4},
	year = {2016},
	keywords = {},
	issn = {2307-387X},
}

@article{atten5,
  author    = {Colin Raffel and
               Daniel P. W. Ellis},
  title     = {Feed-Forward Networks with Attention Can Solve Some Long-Term Memory
               Problems},
  journal   = {CoRR},
  volume    = {abs/1512.08756},
  year      = {2015},
}

@inproceedings{atten6,
  author    = {Zhou, Peng  and  Shi, Wei  and  Tian, Jun  and  Qi, Zhenyu  and  Li, Bingchen  and  Hao, Hongwei  and  Xu, Bo},
  title     = {Attention-Based Bidirectional Long Short-Term Memory Networks for Relation Classification},
  booktitle = {Proceedings of ACL'16 (Volume 2: Short Papers)},
  month     = {August},
  year      = {2016},
}

@article{atten7,
  author    = {Kaisheng Yao and
               Baolin Peng and
               Geoffrey Zweig and
               Kam-Fai Wong},
  title     = {An Attentional Neural Conversation Model with Improved Specificity},
  journal   = {CoRR},
  volume    = {abs/1606.01292},
  year      = {2016},
}

@inproceedings{atten8,
	author = {Chen Xing and Yu Wu and Wei Wu and Yalou Huang and Ming Zhou},
	title = {Hierarchical Recurrent Attention Network for Response Generation},
	booktitle = {Proceedings of AAAI'18},
	year = {2018},
	keywords = {},
}

@inproceedings{atten9,
  author = 	"Yang, Zichao
		and Yang, Diyi
		and Dyer, Chris
		and He, Xiaodong
		and Smola, Alex
		and Hovy, Eduard",
  title = 	"Hierarchical Attention Networks for Document Classification",
  booktitle = 	"Proceedings of NAACL-HLT'16",
  year = 	"2016",
  doi = 	"10.18653/v1/N16-1174",
}

@inproceedings{pers1,
  author    = {Li, Jiwei  and  Galley, Michel  and  Brockett, Chris  and  Spithourakis, Georgios  and  Gao, Jianfeng  and  Dolan, Bill},
  title     = {A Persona-Based Neural Conversation Model},
  booktitle = {Proceedings of ACL'16 (Volume 1: Long Papers)},
  month     = {August},
  year      = {2016},
}

@article{peer2017beyond,
  title={Beyond the Turk: Alternative platforms for crowdsourcing behavioral research},
  author={Peer, Eyal and Brandimarte, Laura and Samat, Sonam and Acquisti, Alessandro},
  journal={Journal of Experimental Social Psychology},
  volume={70},
  pages={153--163},
  year={2017},
  publisher={Elsevier}
}

@inproceedings{pers2,
  author    = {Chaitanya K. Joshi and
               Fei Mi and
               Boi Faltings},
  title     = {Personalization in Goal-Oriented Dialog},
  booktitle = {Proceedings of Conversational AI Workshop, NIPS'17},
  year      = {2017},
}

@inproceedings{Danescu-Niculescu-Mizil+Lee:11a,
  author={Cristian Danescu-Niculescu-Mizil and Lillian Lee},
  title={Chameleons in imagined conversations:
  A new approach to understanding coordination of linguistic style in dialogs.},
  booktitle={Proceedings of the
        Workshop on Cognitive Modeling and Computational Linguistics, ACL 2011},
  year={2011}
}

@inproceedings{Chen2016,
  author={Yun-Nung Chen and Dilek Hakkani-Tür and Gokhan Tur and Jianfeng Gao and Li Deng},
  title={End-to-End Memory Networks with Knowledge Carryover for Multi-Turn Spoken Language Understanding},
  year=2016,
  booktitle={Proceedings of Interspeech'16},
  doi={10.21437/Interspeech.2016-312},
}

@article{ChenHTCGD16,
  author    = {Yun{-}Nung Chen and
               Dilek Z. Hakkani{-}T{\"{u}}r and
               G{\"{o}}khan T{\"{u}}r and
               Asli {\c{C}}elikyilmaz and
               Jianfeng Gao and
               Li Deng},
  title     = {Knowledge as a Teacher: Knowledge-Guided Structural Attention Networks},
  journal   = {CoRR},
  volume    = {abs/1609.03286},
  year      = {2016},
}

@inproceedings{wakabayashi-EtAl:2016:EMNLP2016,
  author    = {Wakabayashi, Kei  and  Takeuchi, Johane  and  Funakoshi, Kotaro  and  Nakano, Mikio},
  title     = {Nonparametric Bayesian Models for Spoken Language Understanding},
  booktitle = {Proceedings of EMNLP'16},
  year      = {2016},
}

@inproceedings{AAAI1816104,
	author = {Kaixiang Mo and Yu Zhang and Shuangyin Li and Jiajun Li and Qiang Yang},
	title = {Personalizing a Dialogue System With Transfer Reinforcement Learning},
	booktitle = {Proceedings of AAAI'18},
	year = {2018},
}

@inproceedings{AIIDElin11,
  author    = {Grace I. Lin and
               Marilyn A. Walker},
  title     = {All the World's a Stage: Learning Character Models from Film},
  booktitle = {Proceedings of {AIIDE}'11},
  year      = {2011}
}

@inproceedings{word2vec,
  title={Distributed representations of words and phrases and their compositionality},
  author={Mikolov, Tomas and Sutskever, Ilya and Chen, Kai and Corrado, Greg S and Dean, Jeff},
  booktitle={Advances in Neural Information Processing Systems},
  pages={3111--3119},
  year={2013}
}

@inproceedings{adam,
  title={Adam: A method for stochastic optimization},
  author={Kingma, Diederik and Ba, Jimmy},
  booktitle={Proceedings of ICLR'15},
  year={2015}
}

@inproceedings{vaswani2017attention,
  title={Attention is all you need},
  author={Vaswani, Ashish and Shazeer, Noam and Parmar, Niki and Uszkoreit, Jakob and Jones, Llion and Gomez, Aidan N and Kaiser, {\L}ukasz and Polosukhin, Illia},
  booktitle={Advances in Neural Information Processing Systems},
  pages={5998--6008},
  year={2017}
}

@inproceedings{bahdanau2014neural,
  title={Neural machine translation by jointly learning to align and translate},
  author={Bahdanau, Dzmitry and Cho, Kyunghyun and Bengio, Yoshua},
  booktitle={Proceedings of ICLR'15},
  year={2015}
}

@inproceedings{tang2018self,
  title={Why Self-Attention? A Targeted Evaluation of Neural Machine Translation Architectures},
  author={Tang, Gongbo and M{\"u}ller, Mathias and Rios, Annette and Sennrich, Rico},
  booktitle={Proceedings of EMNLP'18},
  year={2018}
}

@inproceedings{Rao:2010,
 author = {Rao, Delip and Yarowsky, David and Shreevats, Abhishek and Gupta, Manaswi},
 title = {Classifying Latent User Attributes in Twitter},
 booktitle = {Proceedings of SMUC'10},
 year = {2010},
} 

@inproceedings{burger:EMNLP11,
  author    = {Burger, John D.  and  Henderson, John  and  Kim, George  and  Zarrella, Guido},
  title     = {Discriminating Gender on Twitter},
  booktitle = {Proceedings of EMNLP'11},
  month     = {July},
  year      = {2011},
}

@inproceedings{pennacchiotti:ICWSM11,
	author = {Marco Pennacchiotti and Ana-Maria Popescu},
	title = {A Machine Learning Approach to Twitter User Classification},
	booktitle = {Proceedings of ICWSM'11},
	year = {2011},
}

@inproceedings{Schwartz2013PersonalityGA,
  title={Personality, Gender, and Age in the Language of Social Media: The Open-Vocabulary Approach},
  author={H. Andrew Schwartz and Johannes C. Eichstaedt and Margaret L. Kern and Lukasz Dziurzynski and Stephanie Ramones and Megha Agrawal and Achal Shah and Michal Kosinski and David Stillwell and Martin E. P. Seligman and Lyle H. Ungar},
  booktitle={PloS one},
  year={2013}
}

@inproceedings{sap:EMNLP14,
  author    = {Sap, Maarten  and  Park, Gregory  and  Eichstaedt, Johannes  and  Kern, Margaret  and  Stillwell, David  and  Kosinski, Michal  and  Ungar, Lyle  and  Schwartz, Hansen Andrew},
  title     = {Developing Age and Gender Predictive Lexica over Social Media},
  booktitle = {Proceedings EMNLP'14},
  month     = {October},
  year      = {2014},
}

@inproceedings{pietro:ACL15,
  author    = {Preo\c{t}iuc-Pietro, Daniel  and  Lampos, Vasileios  and  Aletras, Nikolaos},
  title     = {An analysis of the user occupational class through Twitter content},
  booktitle = {Proceedings of ACL/IJCNLP'15 (Volume 1: Long Papers)},
  month     = {July},
  year      = {2015},
}

@inproceedings{flekova:ACL16:long,
  author    = {Flekova, Lucie  and  Carpenter, Jordan  and  Giorgi, Salvatore  and  Ungar, Lyle  and  Preo\c{t}iuc-Pietro, Daniel},
  title     = {Analyzing Biases in Human Perception of User Age and Gender from Text},
  booktitle = {Proceedings of ACL'16 (Volume 1: Long Papers)},
  year      = {2016},
}

@inproceedings{flekova:ACL16:short,
  author    = {Flekova, Lucie  and  Preo\c{t}iuc-Pietro, Daniel  and  Ungar, Lyle},
  title     = {Exploring Stylistic Variation with Age and Income on Twitter},
  booktitle = {Proceedings of ACL'16 (Volume 2: Short Papers)},
  year      = {2016},
}

@inproceedings{pietro:ACL17:long,
  author    = {Preo{\c{t}}iuc-Pietro, Daniel  and  Liu, Ye  and  Hopkins, Daniel  and  Ungar, Lyle},
  title     = {Beyond Binary Labels: Political Ideology Prediction of Twitter Users},
  booktitle = {Proceedings of ACL'17 (Volume 1: Long Papers)},
  year      = {2017},
}


@inproceedings{pietro:COLING18,
  author = 	"Preo{\c{t}}iuc-Pietro, Daniel
		and Ungar, Lyle",
  title = 	"User-Level Race and Ethnicity Predictors from Twitter Text",
  booktitle = 	"Proceedings of COLING'18",
  year = 	"2018",
}

@inproceedings{kim:ACL17:short,
  author    = {Kim, Sunghwan Mac  and  Xu, Qiongkai  and  Qu, Lizhen  and  Wan, Stephen  and  Paris, Cecile},
  title     = {Demographic Inference on Twitter using Recursive Neural Networks},
  booktitle = {Proceedings of ACL'17 (Volume 2: Short Papers)},
  month     = {July},
  year      = {2017},
}

@inproceedings{garera-yarowsky:2009:ACLIJCNLP,
  author    = {Garera, Nikesh  and  Yarowsky, David},
  title     = {Modeling Latent Biographic Attributes in Conversational Genres},
  booktitle = {Proceedings of ACL/IJCNLP'09},
  month     = {August},
  year      = {2009},
}

@inproceedings{jing-kambhatla-roukos:2007:ACLMain,
  author    = {Jing, Hongyan  and  Kambhatla, Nanda  and  Roukos, Salim},
  title     = {Extracting Social Networks and Biographical Facts From Conversational Speech Transcripts},
  booktitle = {Proceedings of ACL'07},
  month     = {June},
  year      = {2007},
}


@inproceedings{vijayaraghavan:ACL17:short,
  author    = {Vijayaraghavan, Prashanth  and  Vosoughi, Soroush  and  Roy, Deb},
  title     = {Twitter Demographic Classification Using Deep Multi-modal Multi-task Learning},
  booktitle = {Proceedings of ACL'17 (Volume 2: Short Papers)},
  month     = {July},
  year      = {2017},
}

@inproceedings{bayot:MOD17,
author = "Bayot, Roy Khristopher and Gon{\c{c}}alves, Teresa",
title = "Age and Gender Classification of Tweets Using Convolutional Neural Networks",
booktitle = "Machine Learning, Optimization, and Big Data",
year = "2018",
publisher="Springer International Publishing",
address="Cham",
isbn="978-3-319-72926-8"
}

@inproceedings{li-ritter-hovy:ACL14,
  author    = {Li, Jiwei  and  Ritter, Alan  and  Hovy, Eduard},
  title     = {Weakly Supervised User Profile Extraction from Twitter},
  booktitle = {Proceedings of ACL'14 (Volume 1: Long Papers)},
  month     = {June},
  year      = {2014},
}

@inproceedings{priante-EtAl:2016,
  author    = {Priante, Anna  and  Hiemstra, Djoerd  and  van den Broek, Tijs  and  Saeed, Aaqib  and  Ehrenhard, Michel  and  Need, Ariana},
  title     = {\#WhoAmI in 160 Characters? Classifying Social Identities Based on Twitter Profile Descriptions},
  booktitle = {Proceedings of the First Workshop on NLP and Computational Social Science, EMNLP'16},
  month     = {November},
  year      = {2016},
}

@inproceedings{fabian2015privacy,
  title={Privacy on Reddit? Towards Large-scale User Classification},
  author={Fabian, Benjamin and Baumann, Annika and Keil, Marian},
  booktitle={Proceedings of ECIS'15},
  year={2015}
}

@inproceedings{Peters:2018,
  author = 	"Peters, Matthew
		and Neumann, Mark
		and Iyyer, Mohit
		and Gardner, Matt
		and Clark, Christopher
		and Lee, Kenton
		and Zettlemoyer, Luke",
  title = 	"Deep Contextualized Word Representations",
  booktitle = 	"Proceedings of NAACL'18, Volume 1 (Long Papers)",
  year = 	"2018",
}

@inproceedings{gjurkovic-EtAl:2018,
  author = 	"Gjurkovi{\'{c}}, Matej
		and {\v{S}}najder, Jan",
  title = 	"Reddit: A Gold Mine for Personality Prediction",
  booktitle = 	"Proceedings of the Second Workshop on Computational Modeling of People's Opinions, Personality, and Emotions in Social Media, NAACL-HLT'18",
  year = 	"2018",
}

@inproceedings{busgeropvollenbroek:2016,
  AUTHOR =	 {Mart {Busger op Vollenbroek} and Talvany Carlotto and Tim Kreutz and Maria Medvedeva and Chris Pool and Johannes Bjerva and Hessel Haagsma and Malvina Nissim},
  BOOKTITLE =	 {Working Notes Papers of the CLEF 2016 Evaluation Labs},
  TITLE =	 {{GronUP: Groningen User Profiling---Notebook for PAN at CLEF 2016}},
  YEAR =	 {2016},
}

@inproceedings{basile:2017,
  AUTHOR =	 {Angelo Basile and Gareth Dwyer and Maria Medvedeva and Josine Rawee and Hessel Haagsma and Malvina Nissim},
  BOOKTITLE =	 {Working Notes Papers of the CLEF 2017 Evaluation Labs},
  TITLE =	 {{N-GrAM: New Groningen Author-profiling Model---Notebook for PAN at CLEF 2017}},
  YEAR =	 {2017},
}

@inproceedings{stein:2017l,
        AUTHOR             = {Martin Potthast and Francisco Rangel and Michael Tschuggnall and Efstathios Stamatatos and Paolo Rosso and Benno Stein},
        BOOKTITLE          = {Experimental IR Meets Multilinguality, Multimodality, and Interaction. 7th International Conference of the CLEF Initiative (CLEF 17)},
        TITLE              = {{Overview of PAN'17: Author Identification, Author Profiling, and Author Obfuscation}},
        YEAR               = {2017}
}

@inproceedings{stein:2017o,
        AUTHOR             = {{Francisco Manuel} and {Rangel Pardo} and Paolo Rosso and Martin Potthast and Benno Stein},
        BOOKTITLE          = {Working Notes Papers of the CLEF 2017 Evaluation Labs},
        TITLE              = {{Overview of the 5th Author Profiling Task at PAN 2017: Gender and Language Variety Identification in Twitter}},
        YEAR               = {2017},
}

@article{pennebaker2001linguistic,
  title={Linguistic inquiry and word count: LIWC 2001},
  author={Pennebaker, James W and Francis, Martha E and Booth, Roger J},
  journal={Mahway: Lawrence Erlbaum Associates},
  volume={71},
  year={2001}
}

@inproceedings{pennington2014glove,
  Title                    = {{GloVe: Global Vectors for Word Representation}},
  Author                   = {Jeffrey Pennington and Richard Socher and Christopher D. Manning},
  Booktitle                = {Proceedings of EMNLP'14},
  Year                     = {2014},
}

@techreport{41880,
title	= {One Billion Word Benchmark for Measuring Progress in Statistical Language Modeling},
author	= {Ciprian Chelba and Tomas Mikolov and Mike Schuster and Qi Ge and Thorsten Brants and Phillipp Koehn and Tony Robinson},
year	= {2013},
institution	= {Google},
}

@inproceedings{Varma:2018:ECT:3184558.3193136,
 author = {Varma, Manik},
 title = {{Extreme Classification: Tagging on Wikipedia, Recommendation on Amazon \& Advertising on Bing}},
 booktitle = {Companion Proceedings of the The Web Conference 2018},
 series = {WWW '18},
 year = {2018},
 isbn = {978-1-4503-5640-4},
 location = {Lyon, France},
 pages = {1897--1897},
 numpages = {1},
 url = {https://doi.org/10.1145/3184558.3193136},
 doi = {10.1145/3184558.3193136},
 acmid = {3193136},
 publisher = {International World Wide Web Conferences Steering Committee},
 address = {Republic and Canton of Geneva, Switzerland},
 keywords = {extreme classification, product recommendation, search advertising, tagging},
} 

@inproceedings{chaturvedi2016modeling,
  title={Modeling evolving relationships between characters in literary novels},
  author={Chaturvedi, Snigdha and Srivastava, Shashank and Daume III, Hal and Dyer, Chris},
  booktitle={Proceedings of the AAAI Conference on Artificial Intelligence},
  volume={30},
  number={1},
  year={2016}
}

@inproceedings{iyyer2016feuding,
  title={Feuding families and former friends: Unsupervised learning for dynamic fictional relationships},
  author={Iyyer, Mohit and Guha, Anupam and Chaturvedi, Snigdha and Boyd-Graber, Jordan and Daum{\'e} III, Hal},
  booktitle={Proceedings of the 2016 Conference of the North American Chapter of the Association for Computational Linguistics: Human Language Technologies},
  pages={1534--1544},
  year={2016}
}

@inproceedings{ratner2017snorkel,
  title={Snorkel: Rapid training data creation with weak supervision},
  author={Ratner, Alexander and Bach, Stephen H and Ehrenberg, Henry and Fries, Jason and Wu, Sen and R{\'e}, Christopher},
  booktitle={Proceedings of the VLDB Endowment. International Conference on Very Large Data Bases},
  volume={11},
  number={3},
  pages={269},
  year={2017},
  organization={NIH Public Access}
}

@article{dawid1979maximum,
  title={Maximum Likelihood Estimation of Observer Error‐Rates Using the {EM} Algorithm},
  author={Dawid, Alexander Philip and Skene, Allan M},
  journal={Journal of the Royal Statistical Society: Series C (Applied Statistics)},
  volume={28},
  number={1},
  pages={20--28},
  year={1979},
  publisher={Wiley Online Library},
  url={https://rss.onlinelibrary.wiley.com/doi/abs/10.2307/2346806}
}

@inproceedings{whitehill2009whose,
  author = {Whitehill, Jacob and Wu, Ting-fan and Bergsma, Jacob and Movellan, Javier and Ruvolo, Paul},
  booktitle = {Advances in Neural Information Processing Systems},
  title = {Whose Vote Should Count More: Optimal Integration of Labels from Labelers of Unknown Expertise},
  url = {https://proceedings.neurips.cc/paper/2009/file/f899139df5e1059396431415e770c6dd-Paper.pdf},
  volume = {22},
  year = {2009}
}

@inproceedings{kim2012bayesian,
  title = 	 {Bayesian Classifier Combination},
  author = 	 {Hyun-Chul Kim and Zoubin Ghahramani},
  booktitle = 	 {Proceedings of the Fifteenth International Conference on Artificial Intelligence and Statistics},
  pages = 	 {619--627},
  year = 	 {2012},
  pdf = 	 {http://proceedings.mlr.press/v22/kim12/kim12.pdf},
  url = 	 {http://proceedings.mlr.press/v22/kim12.html},
}

@article{love2017spoken,
  title={The Spoken BNC2014: Designing and building a spoken corpus of everyday conversations},
  author={Love, Robbie and Dembry, Claire and Hardie, Andrew and Brezina, Vaclav and McEnery, Tony},
  journal={International Journal of Corpus Linguistics},
  volume={22},
  number={3},
  pages={319--344},
  year={2017},
  publisher={John Benjamins}
}

@inproceedings{cieri2004fisher,
  title={The Fisher Corpus: a Resource for the Next Generations of Speech-to-Text.},
  author={Cieri, Christopher and Miller, David and Walker, Kevin},
  booktitle={LREC},
  volume={4},
  pages={69--71},
  year={2004}
}

@article{bordes2016learning,
  author    = {Antoine Bordes and
               Y{-}Lan Boureau and
               Jason Weston},
  title     = {Learning End-to-End Goal-Oriented Dialog},
  booktitle = {5th International Conference on Learning Representations, {ICLR} 2017,
               Toulon, France, April 24-26, 2017, Conference Track Proceedings},
  publisher = {OpenReview.net},
  year      = {2017},
  url       = {https://openreview.net/forum?id=S1Bb3D5gg},
  timestamp = {Tue, 23 Jul 2019 16:55:15 +0200},
  biburl    = {https://dblp.org/rec/conf/iclr/BordesBW17.bib},
  bibsource = {dblp computer science bibliography, https://dblp.org}
}

@article{fleiss1971measuring,
  title={Measuring nominal scale agreement among many raters.},
  author={Fleiss, Joseph L},
  journal={Psychological bulletin},
  volume={76},
  number={5},
  pages={378},
  year={1971},
  publisher={American Psychological Association}
}