 @InProceedings{wieting,
  author    = {John Wieting and
               Mohit Bansal and
               Kevin Gimpel and
               Karen Livescu},
  title     = {Towards Universal Paraphrastic Sentence Embeddings},
  year={2016},
  month={May},
  booktitle = {Proceedings of ICLR'16},
}

@InProceedings{zhang2018personalizing,
  author    = {Saizheng Zhang and
               Emily Dinan and
               Jack Urbanek and
               Arthur Szlam and
               Douwe Kiela and
               Jason Weston},
  title     = {Personalizing Dialogue Agents: {I} have a dog, do you have pets too?},
  booktitle = {Proceedings of ACL'18 (Volume 1: Long Papers)},
  month     = {July},
  year      = {2018},
}

@InProceedings{stanford,
  author    = {Angeli, Gabor  and  Johnson Premkumar, Melvin Jose  and  Manning, Christopher D.},
  title     = {Leveraging Linguistic Structure For Open Domain Information Extraction},
  booktitle = {Proceedings of ACL/IJCNLP'15 (Volume 1: Long Papers)},
  month     = {July},
  year      = {2015},
}

@InProceedings{embed5,
  title={A simple but tough-to-beat baseline for sentence embeddings},
  author={Arora, Sanjeev and Liang, Yingyu and Ma, Tengyu},
  year={2017},
  month={April},
  booktitle = {Proceedings of ICLR'17},
}

@InProceedings{cnn,
  author = 	"Kim, Yoon",
  title = 	"Convolutional Neural Networks for Sentence Classification",
  booktitle = 	"Proceedings of EMNLP'14",
  year = 	"2014",
}

@Inbook{IEbasic,
author="Jiang, Jing",
editor="Aggarwal, Charu C.
and Zhai, ChengXiang",
title="Information Extraction from Text",
bookTitle="Mining Text Data",
year="2012",
isbn="978-1-4614-3223-4",
doi="10.1007/978-1-4614-3223-4_2",
}

@inproceedings{IEtrad,
 author = {Craven, Mark and DiPasquo, Dan and Freitag, Dayne and McCallum, Andrew and Mitchell, Tom and Nigam, Kamal and Slattery, Se\'{a}n},
 title = {Learning to Extract Symbolic Knowledge from the World Wide Web},
 booktitle = {Proceedings of {AAAI/IAAI'98}},
 year = {1998},
} 

@inproceedings{OpenIE,
 author = {Banko, Michele and Cafarella, Michael J. and Soderland, Stephen and Broadhead, Matt and Etzioni, Oren},
 title = {Open Information Extraction from the Web},
 booktitle = {Proceedings of IJCAI'07},
 year = {2007},
} 

@InProceedings{oie1,
  author    = {Wu, Fei  and  Weld, Daniel S.},
  title     = {Open Information Extraction Using Wikipedia},
  booktitle = {Proceedings of ACL'10},
  month     = {July},
  year      = {2010},
}

@InProceedings{oie2,
  author    = {Mausam  and  Schmitz, Michael  and  Soderland, Stephen  and  Bart, Robert  and  Etzioni, Oren},
  title     = {Open Language Learning for Information Extraction},
  booktitle = {Proceedings of EMNLP/CoNLL'12},
  month     = {July},
  year      = {2012},
}

@InProceedings{oie3,
  author    = {Fader, Anthony  and  Soderland, Stephen  and  Etzioni, Oren},
  title     = {Identifying Relations for Open Information Extraction},
  booktitle = {Proceedings of EMNLP'11},
  month     = {July},
  year      = {2011},
}

@InProceedings{ielstm,
  author    = {Miwa, Makoto  and  Bansal, Mohit},
  title     = {End-to-End Relation Extraction using LSTMs on Sequences and Tree Structures},
  booktitle = {Proceedings of ACL'16 (Volume 1: Long Papers)},
  month     = {August},
  year      = {2016},
}

@InProceedings{bot1,
	author = {Marjan Ghazvininejad and Chris Brockett and Ming-Wei Chang and Bill Dolan and Jianfeng Gao and Wen-tau Yih and Michel Galley},
	title = {A Knowledge-Grounded Neural Conversation Model},
	booktitle = {Proceedings of AAAI'18},
	year = {2018},
}

@InProceedings{dial1,
  author    = {Lison, Pierre  and  Bibauw, Serge},
  title     = {Not All Dialogues are Created Equal: Instance Weighting for Neural Conversational Models},
  booktitle = {Proceedings of the 18th Annual SIGdial Meeting on Discourse and Dialogue},
  month     = {August},
  year      = {2017},
}

@InProceedings{dial2,
	author = {Tom Young and Erik Cambria and Iti Chaturvedi and Hao Zhou and Subham Biswas and Minlie Huang},
	title = {Augmenting End-to-End Dialogue Systems With Commonsense Knowledge},
	booktitle = {Proceedings of AAAI'18},
	year = {2018},
}

@InProceedings{dial3,
  author    = {Zhou, Xiangyang  and  Dong, Daxiang  and  Wu, Hua  and  Zhao, Shiqi  and  Yu, Dianhai  and  Tian, Hao  and  Liu, Xuan  and  Yan, Rui},
  title     = {Multi-view Response Selection for Human-Computer Conversation},
  booktitle = {Proceedings of EMNLP'16},
  month     = {November},
  year      = {2016},
}

@InProceedings{dial4,
  author    = {Antoine Bordes and
  			   Y-Lan Boureau and
               Jason Weston},
  title     = {Learning End-to-End Goal-Oriented Dialog},
  year      = {2017},
  month     = {April},
  booktitle = {Proceedings of ICLR'17},
}

@inproceedings{dial5,
  title={A knowledge enhanced generative conversational service agent},
  author={Long, Yinong and Wang, Jianan and Xu, Zhen and Wang, Zongsheng and Wang, Baoxun and Wang, Zhuoran},
  booktitle={Proceedings of the 6th Dialog System Technology Challenges (DSTC6) Workshop},
  year={2017}
}

@InProceedings{dial6,
  author    = {Andrea Madotto and
               Chien-Sheng Wu and
               Pascale Fung},
  title     = {Mem2Seq: Effectively Incorporating Knowledge Bases into End-to-End Task-Oriented Dialog Systems},
  booktitle = {Proceedings of ACL'18 (Volume 1: Long Papers)},
  month     = {July},
  year      = {2018},
}

@InProceedings{dial7,
  title={Personal knowledge graph population from user utterances in conversational understanding},
  author={Xiang Li and G{\"o}khan T{\"u}r and Dilek Z. Hakkani-T{\"u}r and Qi Li},
  booktitle={Proceedings of IEEE Spoken Language Technology Workshop (SLT)},
  year={2014}
}

@InProceedings{dial8,
  author    = {Sordoni, Alessandro  and  Galley, Michel  and  Auli, Michael  and  Brockett, Chris  and  Ji, Yangfeng  and  Mitchell, Margaret  and  Nie, Jian-Yun  and  Gao, Jianfeng  and  Dolan, Bill},
  title     = {A Neural Network Approach to Context-Sensitive Generation of Conversational Responses},
  booktitle = {Proceedings of NAACL-HLT'15},
  year      = {2015},
}

@inproceedings{embed1,
 author = {Mikolov, Tomas and Sutskever, Ilya and Chen, Kai and Corrado, Greg and Dean, Jeffrey},
 title = {Distributed Representations of Words and Phrases and Their Compositionality},
 booktitle = {Proceedings of NIPS'13},
 year = {2013},
} 

@article{embed2,
        author = {Mo Yu and Mark Dredze},
        title = {Learning Composition Models for Phrase Embeddings},
        journal = {TACL},
        volume = {3},
        year = {2015},
        keywords = {},
        issn = {2307-387X},
}

@InProceedings{embed3,
  author    = {Zhou, Zhihao  and  Huang, Lifu  and  Ji, Heng},
  title     = {{Learning Phrase Embeddings from Paraphrases with GRUs}},
  booktitle = {Proceedings of the First Workshop on Curation and Applications of Parallel and Comparable Corpora},
  month     = {November},
  year      = {2017},
}

@article{deep,
  author    = {Tom Young and
               Devamanyu Hazarika and
               Soujanya Poria and
               Erik Cambria},
  title     = {Recent Trends in Deep Learning Based Natural Language Processing},
  journal   = {CoRR},
  volume    = {abs/1708.02709},
  year      = {2017},
}

@InProceedings{cnn1,
  author    = {Kalchbrenner, Nal  and  Grefenstette, Edward  and  Blunsom, Phil},
  title     = {A Convolutional Neural Network for Modelling Sentences},
  booktitle = {Proceedings of ACL'14 (Volume 1: Long Papers)},
  month     = {June},
  year      = {2014},
}

@incollection{cnn2,
 author = {Hu, Baotian and Lu, Zhengdong and Li, Hang and Chen, Qingcai},
 title = {Convolutional Neural Network Architectures for Matching Natural Language Sentences},
 booktitle = {Proceedings of NIPS'14},
 year = {2014},
}

@InProceedings{cnn3,
  author    = {Zhang, Ye  and  Wallace, Byron},
  title     = {A Sensitivity Analysis of (and Practitioners' Guide to) Convolutional Neural Networks for Sentence Classification},
  booktitle = {Proceedings of IJCNLP'17},
  month     = {November},
  year      = {2017},
}

@InProceedings{atten1,
	author = {Zhixing Tan and Mingxuan Wang and Jun Xie and Yidong Chen and Xiaodong Shi},
	title = {Deep Semantic Role Labeling With Self-Attention},
	booktitle = {Proceedings of AAAI'18},
	year = {2018},
}

@InProceedings{atten2,
  author    = {Zhou, Peng  and  Shi, Wei  and  Tian, Jun  and  Qi, Zhenyu  and  Li, Bingchen  and  Hao, Hongwei  and  Xu, Bo},
  title     = {Attention-Based Bidirectional Long Short-Term Memory Networks for Relation Classification},
  booktitle = {Proceedings of ACL'16 (Volume 2: Short Papers)},
  month     = {August},
  year      = {2016},
}

@article{atten3,
  author    = {Wenpeng Yin and
               Hinrich Sch{\"{u}}tze},
  title     = {Attentive Convolution},
  journal   = {CoRR},
  volume    = {abs/1710.00519},
  year      = {2017},
}

@article{atten4,
	author = {Yin, Wenpeng  and Sch{\"{u}}tze, Hinrich  and Xiang, Bing  and Zhou, Bowen },
	title = {{ABCNN}: Attention-Based Convolutional Neural Network for Modeling Sentence Pairs},
	journal = {TACL},
	volume = {4},
	year = {2016},
	keywords = {},
	issn = {2307-387X},
}

@article{atten5,
  author    = {Colin Raffel and
               Daniel P. W. Ellis},
  title     = {Feed-Forward Networks with Attention Can Solve Some Long-Term Memory
               Problems},
  journal   = {CoRR},
  volume    = {abs/1512.08756},
  year      = {2015},
}

@InProceedings{atten6,
  author    = {Zhou, Peng  and  Shi, Wei  and  Tian, Jun  and  Qi, Zhenyu  and  Li, Bingchen  and  Hao, Hongwei  and  Xu, Bo},
  title     = {Attention-Based Bidirectional Long Short-Term Memory Networks for Relation Classification},
  booktitle = {Proceedings of ACL'16 (Volume 2: Short Papers)},
  month     = {August},
  year      = {2016},
}

@article{chu2005gaussian,
  title={Gaussian processes for ordinal regression.},
  author={Chu, Wei and Ghahramani, Zoubin and Williams, Christopher KI},
  journal={Journal of machine learning research},
  volume={6},
  number={7},
  year={2005}
}

@article{cox1958regression,
  title={The regression analysis of binary sequences},
  author={Cox, David R},
  journal={Journal of the Royal Statistical Society: Series B (Methodological)},
  volume={20},
  number={2},
  pages={215--232},
  year={1958},
  publisher={Wiley Online Library}
}

@book{mccullagh2019generalized,
  title={Generalized linear models},
  author={McCullagh, Peter and Nelder, John A},
  year={2019},
  publisher={Routledge}
}

@article{cortes1995support,
  title={Support-vector networks},
  author={Cortes, Corinna and Vapnik, Vladimir},
  journal={Machine learning},
  volume={20},
  number={3},
  pages={273--297},
  year={1995},
  publisher={Springer}
}

@article{atten7,
  author    = {Kaisheng Yao and
               Baolin Peng and
               Geoffrey Zweig and
               Kam-Fai Wong},
  title     = {An Attentional Neural Conversation Model with Improved Specificity},
  journal   = {CoRR},
  volume    = {abs/1606.01292},
  year      = {2016},
}

@inproceedings{shan2020contextual,
  title={A contextual hierarchical attention network with adaptive objective for dialogue state tracking},
  author={Shan, Yong and Li, Zekang and Zhang, Jinchao and Meng, Fandong and Feng, Yang and Niu, Cheng and Zhou, Jie},
  booktitle={Proceedings of the 58th Annual Meeting of the Association for Computational Linguistics},
  pages={6322--6333},
  year={2020}
}

@article{ma2021han,
  title={HAN-ReGRU: hierarchical attention network with residual gated recurrent unit for emotion recognition in conversation},
  author={Ma, Hui and Wang, Jian and Qian, Lingfei and Lin, Hongfei},
  journal={Neural Computing and Applications},
  volume={33},
  number={7},
  pages={2685--2703},
  year={2021},
  publisher={Springer}
}

@article{li2019improving,
  title={Improving user attribute classification with text and social network attention},
  author={Li, Yumeng and Yang, Liang and Xu, Bo and Wang, Jian and Lin, Hongfei},
  journal={Cognitive Computation},
  volume={11},
  number={4},
  pages={459--468},
  year={2019},
  publisher={Springer}
}

@inproceedings{lynn2020hierarchical,
  title={Hierarchical modeling for user personality prediction: The role of message-level attention},
  author={Lynn, Veronica and Balasubramanian, Niranjan and Schwartz, H Andrew},
  booktitle={Proceedings of the 58th Annual Meeting of the Association for Computational Linguistics},
  pages={5306--5316},
  year={2020}
}

@inproceedings{tigunova:ham:2019,
  author    = {Anna Tigunova and
               Andrew Yates and
               Paramita Mirza and
               Gerhard Weikum},
  title     = {Listening between the Lines: Learning Personal Attributes from Conversations},
  booktitle = {Proceedings of {WWW}'19},
  pages     = {1818--1828},
  year      = {2019},
}

@article{li2020hierarchical,
  title={Hierarchical transformer network for utterance-level emotion recognition},
  author={Li, Qingbiao and Wu, Chunhua and Wang, Zhe and Zheng, Kangfeng},
  journal={Applied Sciences},
  volume={10},
  number={13},
  pages={4447},
  year={2020},
  publisher={Multidisciplinary Digital Publishing Institute}
}

@InProceedings{atten8,
	author = {Chen Xing and Yu Wu and Wei Wu and Yalou Huang and Ming Zhou},
	title = {Hierarchical Recurrent Attention Network for Response Generation},
	booktitle = {Proceedings of AAAI'18},
	year = {2018},
	keywords = {},
}

@article{zhang2019recosa,
  title={Recosa: Detecting the relevant contexts with self-attention for multi-turn dialogue generation},
  author={Zhang, Hainan and Lan, Yanyan and Pang, Liang and Guo, Jiafeng and Cheng, Xueqi},
  journal={arXiv preprint arXiv:1907.05339},
  year={2019}
}

@InProceedings{atten9,
  author = 	"Yang, Zichao
		and Yang, Diyi
		and Dyer, Chris
		and He, Xiaodong
		and Smola, Alex
		and Hovy, Eduard",
  title = 	"Hierarchical Attention Networks for Document Classification",
  booktitle = 	"Proceedings of NAACL-HLT'16",
  year = 	"2016",
  doi = 	"10.18653/v1/N16-1174",
}

@InProceedings{pers1,
  author    = {Li, Jiwei  and  Galley, Michel  and  Brockett, Chris  and  Spithourakis, Georgios  and  Gao, Jianfeng  and  Dolan, Bill},
  title     = {A Persona-Based Neural Conversation Model},
  booktitle = {Proceedings of ACL'16 (Volume 1: Long Papers)},
  month     = {August},
  year      = {2016},
}

@InProceedings{pers2,
  author    = {Chaitanya K. Joshi and
               Fei Mi and
               Boi Faltings},
  title     = {Personalization in Goal-Oriented Dialog},
  booktitle = {Proceedings of Conversational AI Workshop, NIPS'17},
  year      = {2017},
}

@InProceedings{Danescu-Niculescu-Mizil+Lee:11a,
  author={Cristian Danescu-Niculescu-Mizil and Lillian Lee},
  title={Chameleons in imagined conversations:
  A new approach to understanding coordination of linguistic style in dialogs.},
  booktitle={Proceedings of the
        Workshop on Cognitive Modeling and Computational Linguistics, ACL 2011},
  year={2011}
}

@inproceedings{serban2016building,
  title={Building end-to-end dialogue systems using generative hierarchical neural network models},
  author={Serban, Iulian and Sordoni, Alessandro and Bengio, Yoshua and Courville, Aaron and Pineau, Joelle},
  booktitle={Proceedings of the AAAI Conference on Artificial Intelligence},
  volume={30},
  number={1},
  year={2016}
}

@inproceedings{Chen2016,
  author={Yun-Nung Chen and Dilek Hakkani-Tür and Gokhan Tur and Jianfeng Gao and Li Deng},
  title={End-to-End Memory Networks with Knowledge Carryover for Multi-Turn Spoken Language Understanding},
  year=2016,
  booktitle={Proceedings of Interspeech'16},
  doi={10.21437/Interspeech.2016-312},
}

@article{ChenHTCGD16,
  author    = {Yun{-}Nung Chen and
               Dilek Z. Hakkani{-}T{\"{u}}r and
               G{\"{o}}khan T{\"{u}}r and
               Asli {\c{C}}elikyilmaz and
               Jianfeng Gao and
               Li Deng},
  title     = {Knowledge as a Teacher: Knowledge-Guided Structural Attention Networks},
  journal   = {CoRR},
  volume    = {abs/1609.03286},
  year      = {2016},
}

@InProceedings{wakabayashi-EtAl:2016:EMNLP2016,
  author    = {Wakabayashi, Kei  and  Takeuchi, Johane  and  Funakoshi, Kotaro  and  Nakano, Mikio},
  title     = {Nonparametric Bayesian Models for Spoken Language Understanding},
  booktitle = {Proceedings of EMNLP'16},
  year      = {2016},
}

@InProceedings{AAAI1816104,
	author = {Kaixiang Mo and Yu Zhang and Shuangyin Li and Jiajun Li and Qiang Yang},
	title = {Personalizing a Dialogue System With Transfer Reinforcement Learning},
	booktitle = {Proceedings of AAAI'18},
	year = {2018},
}

@inproceedings{AIIDElin11,
  author    = {Grace I. Lin and
               Marilyn A. Walker},
  title     = {All the World's a Stage: Learning Character Models from Film},
  booktitle = {Proceedings of {AIIDE}'11},
  year      = {2011}
}

@inproceedings{word2vec,
  title={Distributed representations of words and phrases and their compositionality},
  author={Mikolov, Tomas and Sutskever, Ilya and Chen, Kai and Corrado, Greg S and Dean, Jeff},
  booktitle={Advances in Neural Information Processing Systems},
  pages={3111--3119},
  year={2013}
}

@inproceedings{adam,
  title={Adam: A method for stochastic optimization},
  author={Kingma, Diederik and Ba, Jimmy},
  booktitle={Proceedings of ICLR'15},
  year={2015}
}

@inproceedings{vaswani2017attention,
  title={Attention is all you need},
  author={Vaswani, Ashish and Shazeer, Noam and Parmar, Niki and Uszkoreit, Jakob and Jones, Llion and Gomez, Aidan N and Kaiser, {\L}ukasz and Polosukhin, Illia},
  booktitle={Advances in Neural Information Processing Systems},
  pages={5998--6008},
  year={2017}
}

@inproceedings{bahdanau2014neural,
  title={Neural machine translation by jointly learning to align and translate},
  author={Bahdanau, Dzmitry and Cho, Kyunghyun and Bengio, Yoshua},
  booktitle={Proceedings of ICLR'15},
  year={2015}
}

@inproceedings{tang2018self,
  title={Why Self-Attention? A Targeted Evaluation of Neural Machine Translation Architectures},
  author={Tang, Gongbo and M{\"u}ller, Mathias and Rios, Annette and Sennrich, Rico},
  booktitle={Proceedings of EMNLP'18},
  year={2018}
}

@inproceedings{Rao:2010,
 author = {Rao, Delip and Yarowsky, David and Shreevats, Abhishek and Gupta, Manaswi},
 title = {Classifying Latent User Attributes in Twitter},
 booktitle = {Proceedings of SMUC'10},
 year = {2010},
} 

@InProceedings{burger:EMNLP11,
  author    = {Burger, John D.  and  Henderson, John  and  Kim, George  and  Zarrella, Guido},
  title     = {Discriminating Gender on Twitter},
  booktitle = {Proceedings of EMNLP'11},
  month     = {July},
  year      = {2011},
}

@InProceedings{pennacchiotti:ICWSM11,
	author = {Marco Pennacchiotti and Ana-Maria Popescu},
	title = {A Machine Learning Approach to Twitter User Classification},
	booktitle = {Proceedings of ICWSM'11},
	year = {2011},
}

@inproceedings{Schwartz2013PersonalityGA,
  title={Personality, Gender, and Age in the Language of Social Media: The Open-Vocabulary Approach},
  author={H. Andrew Schwartz and Johannes C. Eichstaedt and Margaret L. Kern and Lukasz Dziurzynski and Stephanie Ramones and Megha Agrawal and Achal Shah and Michal Kosinski and David Stillwell and Martin E. P. Seligman and Lyle H. Ungar},
  booktitle={PloS one},
  year={2013}
}

@InProceedings{sap:EMNLP14,
  author    = {Sap, Maarten  and  Park, Gregory  and  Eichstaedt, Johannes  and  Kern, Margaret  and  Stillwell, David  and  Kosinski, Michal  and  Ungar, Lyle  and  Schwartz, Hansen Andrew},
  title     = {Developing Age and Gender Predictive Lexica over Social Media},
  booktitle = {Proceedings EMNLP'14},
  month     = {October},
  year      = {2014},
}

@InProceedings{pietro:ACL15,
  author    = {Preo\c{t}iuc-Pietro, Daniel  and  Lampos, Vasileios  and  Aletras, Nikolaos},
  title     = {An analysis of the user occupational class through Twitter content},
  booktitle = {Proceedings of ACL/IJCNLP'15 (Volume 1: Long Papers)},
  month     = {July},
  year      = {2015},
}

@InProceedings{flekova:ACL16:long,
  author    = {Flekova, Lucie  and  Carpenter, Jordan  and  Giorgi, Salvatore  and  Ungar, Lyle  and  Preo\c{t}iuc-Pietro, Daniel},
  title     = {Analyzing Biases in Human Perception of User Age and Gender from Text},
  booktitle = {Proceedings of ACL'16 (Volume 1: Long Papers)},
  month     = {August},
  year      = {2016},
}

@InProceedings{flekova:ACL16:short,
  author    = {Flekova, Lucie  and  Preo\c{t}iuc-Pietro, Daniel  and  Ungar, Lyle},
  title     = {Exploring Stylistic Variation with Age and Income on Twitter},
  booktitle = {Proceedings of ACL'16 (Volume 2: Short Papers)},
  month     = {August},
  year      = {2016},
}

@InProceedings{pietro:ACL17:long,
  author    = {Preo{\c{t}}iuc-Pietro, Daniel  and  Liu, Ye  and  Hopkins, Daniel  and  Ungar, Lyle},
  title     = {Beyond Binary Labels: Political Ideology Prediction of Twitter Users},
  booktitle = {Proceedings of ACL'17 (Volume 1: Long Papers)},
  year      = {2017},
}


@InProceedings{pietro:COLING18,
  author = 	"Preo{\c{t}}iuc-Pietro, Daniel
		and Ungar, Lyle",
  title = 	"User-Level Race and Ethnicity Predictors from Twitter Text",
  booktitle = 	"Proceedings of COLING'18",
  year = 	"2018",
}

@InProceedings{kim:ACL17:short,
  author    = {Kim, Sunghwan Mac  and  Xu, Qiongkai  and  Qu, Lizhen  and  Wan, Stephen  and  Paris, Cecile},
  title     = {Demographic Inference on Twitter using Recursive Neural Networks},
  booktitle = {Proceedings of ACL'17 (Volume 2: Short Papers)},
  month     = {July},
  year      = {2017},
}

@InProceedings{garera-yarowsky:2009:ACLIJCNLP,
  author    = {Garera, Nikesh  and  Yarowsky, David},
  title     = {Modeling Latent Biographic Attributes in Conversational Genres},
  booktitle = {Proceedings of ACL/IJCNLP'09},
  month     = {August},
  year      = {2009},
}

@InProceedings{jing-kambhatla-roukos:2007:ACLMain,
  author    = {Jing, Hongyan  and  Kambhatla, Nanda  and  Roukos, Salim},
  title     = {Extracting Social Networks and Biographical Facts From Conversational Speech Transcripts},
  booktitle = {Proceedings of ACL'07},
  month     = {June},
  year      = {2007},
}


@InProceedings{vijayaraghavan:ACL17:short,
  author    = {Vijayaraghavan, Prashanth  and  Vosoughi, Soroush  and  Roy, Deb},
  title     = {Twitter Demographic Classification Using Deep Multi-modal Multi-task Learning},
  booktitle = {Proceedings of ACL'17 (Volume 2: Short Papers)},
  month     = {July},
  year      = {2017},
}

@InProceedings{bayot:MOD17,
author = "Bayot, Roy Khristopher and Gon{\c{c}}alves, Teresa",
title = "Age and Gender Classification of Tweets Using Convolutional Neural Networks",
booktitle = "Machine Learning, Optimization, and Big Data",
year = "2018",
publisher="Springer International Publishing",
address="Cham",
isbn="978-3-319-72926-8"
}

@InProceedings{li-ritter-hovy:ACL14,
  author    = {Li, Jiwei  and  Ritter, Alan  and  Hovy, Eduard},
  title     = {Weakly Supervised User Profile Extraction from Twitter},
  booktitle = {Proceedings of ACL'14 (Volume 1: Long Papers)},
  month     = {June},
  year      = {2014},
}

@InProceedings{priante-EtAl:2016,
  author    = {Priante, Anna  and  Hiemstra, Djoerd  and  van den Broek, Tijs  and  Saeed, Aaqib  and  Ehrenhard, Michel  and  Need, Ariana},
  title     = {\#WhoAmI in 160 Characters? Classifying Social Identities Based on Twitter Profile Descriptions},
  booktitle = {Proceedings of the First Workshop on NLP and Computational Social Science, EMNLP'16},
  month     = {November},
  year      = {2016},
}

@inproceedings{fabian2015privacy,
  title={Privacy on Reddit? Towards Large-scale User Classification},
  author={Fabian, Benjamin and Baumann, Annika and Keil, Marian},
  booktitle={Proceedings of ECIS'15},
  year={2015}
}

@InProceedings{Peters:2018,
  author = 	"Peters, Matthew
		and Neumann, Mark
		and Iyyer, Mohit
		and Gardner, Matt
		and Clark, Christopher
		and Lee, Kenton
		and Zettlemoyer, Luke",
  title = 	"Deep Contextualized Word Representations",
  booktitle = 	"Proceedings of NAACL'18, Volume 1 (Long Papers)",
  year = 	"2018",
}

@InProceedings{gjurkovic-EtAl:2018,
  author = 	"Gjurkovi{\'{c}}, Matej
		and {\v{S}}najder, Jan",
  title = 	"Reddit: A Gold Mine for Personality Prediction",
  booktitle = 	"Proceedings of the Second Workshop on Computational Modeling of People's Opinions, Personality, and Emotions in Social Media, NAACL-HLT'18",
  year = 	"2018",
}

@INPROCEEDINGS{busgeropvollenbroek:2016,
  AUTHOR =	 {Mart {Busger op Vollenbroek} and Talvany Carlotto and Tim Kreutz and Maria Medvedeva and Chris Pool and Johannes Bjerva and Hessel Haagsma and Malvina Nissim},
  BOOKTITLE =	 {Working Notes Papers of the CLEF 2016 Evaluation Labs},
  TITLE =	 {{GronUP: Groningen User Profiling---Notebook for PAN at CLEF 2016}},
  YEAR =	 {2016},
}

@INPROCEEDINGS{basile:2017,
  AUTHOR =	 {Angelo Basile and Gareth Dwyer and Maria Medvedeva and Josine Rawee and Hessel Haagsma and Malvina Nissim},
  BOOKTITLE =	 {Working Notes Papers of the CLEF 2017 Evaluation Labs},
  TITLE =	 {{N-GrAM: New Groningen Author-profiling Model---Notebook for PAN at CLEF 2017}},
  YEAR =	 {2017},
}

@INPROCEEDINGS{stein:2017l,
        ADDRESS            = {Berlin Heidelberg New York},
        AUTHOR             = {Martin Potthast and Francisco Rangel and Michael Tschuggnall and Efstathios Stamatatos and Paolo Rosso and Benno Stein},
        BOOKTITLE          = {Experimental IR Meets Multilinguality, Multimodality, and Interaction. 7th International Conference of the CLEF Initiative (CLEF 17)},
        TITLE              = {{Overview of PAN'17: Author Identification, Author Profiling, and Author Obfuscation}},
        YEAR               = {2017}
}

@INPROCEEDINGS{stein:2017o,
        AUTHOR             = {{Francisco Manuel} and {Rangel Pardo} and Paolo Rosso and Martin Potthast and Benno Stein},
        BOOKTITLE          = {Working Notes Papers of the CLEF 2017 Evaluation Labs},
        TITLE              = {{Overview of the 5th Author Profiling Task at PAN 2017: Gender and Language Variety Identification in Twitter}},
        YEAR               = {2017},
}

@article{pennebaker2001linguistic,
  title={Linguistic inquiry and word count: LIWC 2001},
  author={Pennebaker, James W and Francis, Martha E and Booth, Roger J},
  journal={Mahway: Lawrence Erlbaum Associates},
  volume={71},
  year={2001}
}

@InProceedings{pennington2014glove,
  Title                    = {{GloVe: Global Vectors for Word Representation}},
  Author                   = {Jeffrey Pennington and Richard Socher and Christopher D. Manning},
  Booktitle                = {Proceedings of EMNLP'14},
  Year                     = {2014},
}

@techreport{41880,
title	= {One Billion Word Benchmark for Measuring Progress in Statistical Language Modeling},
author	= {Ciprian Chelba and Tomas Mikolov and Mike Schuster and Qi Ge and Thorsten Brants and Phillipp Koehn and Tony Robinson},
year	= {2013},
institution	= {Google},
}


